{"filters": {"years": [2015.0, 2016.0, 2017.0, 2018.0], "regions": ["Central", "East", "South", "West"], "categories": ["Furniture", "Office Supplies", "Technology"]}, "kpis_global": {"nb_tickets": 5015, "nb_clients": 793, "nb_magasins_distincts": 633, "qte": 37873.0, "ca_ttc": 2297200.8603, "marge": 286397.0217, "panier_moyen_ttc": 458.0659741375872, "ca_par_client": 2896.848499747793, "freq_achat": 6.324085750315258, "nb_produits_distincts": 1862, "revenu_ttc_par_produit": 1233.7276371106336, "taux_marge": 0.12467217240315605}, "kpis_op": {"nb_clients_fid": 775, "nb_tickets": 2954, "mt_remise_op": 566734.1797, "ca_ttc_op": 1209292.3903, "marge_op": -34590.5815, "pm_op": 409.37453970886935, "taux_effort_promo": 0.319102309207007, "taux_remise_ticket": 0.28878776283066115}, "agg": [{"year_month": "2015-01", "year": 2015.0, "region": "Central", "category": "Furniture", "sales": 506.358, "profit": 20.923499999999997, "orders": 3, "customers": 3, "quantity": 11.0, "discount_amt": 115.09199999999997, "sales_before": 621.4499999999999, "aov": 168.786, "margin_rate": 0.04132155510528124, "promo_effort": 0.18519913106444602}, {"year_month": "2015-01", "year": 2015.0, "region": "Central", "category": "Office Supplies", "sales": 1002.348, "profit": 87.8167, "orders": 8, "customers": 8, "quantity": 48.0, "discount_amt": 160.98199999999997, "sales_before": 1163.33, "aov": 125.2935, "margin_rate": 0.08761098939689609, "promo_effort": 0.13838033919867965}, {"year_month": "2015-01", "year": 2015.0, "region": "Central", "category": "Technology", "sales": 31.2, "profit": 9.75, "orders": 1, "customers": 1, "quantity": 3.0, "discount_amt": 7.800000000000001, "sales_before": 39.0, "aov": 31.2, "margin_rate": 0.3125, "promo_effort": 0.2}, {"year_month": "2015-01", "year": 2015.0, "region": "East", "category": "Furniture", "sales": 199.004, "profit": -21.605800000000002, "orders": 3, "customers": 3, "quantity": 12.0, "discount_amt": 93.73599999999999, "sales_before": 292.74, "aov": 66.33466666666666, "margin_rate": -0.10856967699141727, "promo_effort": 0.3202022272323563}, {"year_month": "2015-01", "year": 2015.0, "region": "East", "category": "Office Supplies", "sales": 112.97, "profit": 13.299400000000002, "orders": 4, "customers": 4, "quantity": 18.0, "discount_amt": 74.12999999999998, "sales_before": 187.1, "aov": 28.2425, "margin_rate": 0.11772505975037623, "promo_effort": 0.3962052378407268}, {"year_month": "2015-01", "year": 2015.0, "region": "East", "category": "Technology", "sales": 124.2, "profit": -31.05, "orders": 1, "customers": 1, "quantity": 3.0, "discount_amt": 82.8, "sales_before": 207.0, "aov": 124.2, "margin_rate": -0.25, "promo_effort": 0.39999999999999997}, {"year_month": "2015-01", "year": 2015.0, "region": "South", "category": "Furniture", "sales": 4378.728, "profit": 1130.2567999999999, "orders": 6, "customers": 6, "quantity": 32.0, "discount_amt": 6.311999999999998, "sales_before": 4385.04, "aov": 729.788, "margin_rate": 0.25812445988880783, "promo_effort": 0.0014394395490120952}, {"year_month": "2015-01", "year": 2015.0, "region": "South", "category": "Office Supplies", "sales": 1955.4740000000002, "profit": 339.3336, "orders": 7, "customers": 7, "quantity": 54.0, "discount_amt": 156.786, "sales_before": 2112.26, "aov": 279.3534285714286, "margin_rate": 0.17353010063033308, "promo_effort": 0.07422665770312366}, {"year_month": "2015-01", "year": 2015.0, "region": "South", "category": "Technology", "sales": 2987.89, "profit": 877.0735999999999, "orders": 5, "customers": 5, "quantity": 39.0, "discount_amt": 0.0, "sales_before": 2987.89, "aov": 597.578, "margin_rate": 0.2935428011071358, "promo_effort": 0.0}, {"year_month": "2015-01", "year": 2015.0, "region": "West", "category": "Furniture", "sales": 1158.435, "profit": -324.10799999999995, "orders": 5, "customers": 5, "quantity": 15.0, "discount_amt": 616.9149999999998, "sales_before": 1775.35, "aov": 231.68699999999998, "margin_rate": -0.27978091131569743, "promo_effort": 0.3474892274762722}, {"year_month": "2015-01", "year": 2015.0, "region": "West", "category": "Office Supplies", "sales": 1780.288, "profit": 348.5009, "orders": 7, "customers": 7, "quantity": 49.0, "discount_amt": 132.87199999999996, "sales_before": 1913.1599999999999, "aov": 254.32685714285714, "margin_rate": 0.19575534969622893, "promo_effort": 0.06945158794873402}, {"year_month": "2015-02", "year": 2015.0, "region": "Central", "category": "Furniture", "sales": 439.31, "profit": 64.0797, "orders": 3, "customers": 3, "quantity": 13.0, "discount_amt": 37.739999999999995, "sales_before": 477.05, "aov": 146.43666666666667, "margin_rate": 0.14586442375543465, "promo_effort": 0.0791112042762813}, {"year_month": "2015-02", "year": 2015.0, "region": "Central", "category": "Office Supplies", "sales": 262.654, "profit": 1.9794000000000018, "orders": 8, "customers": 7, "quantity": 47.0, "discount_amt": 147.56600000000003, "sales_before": 410.22, "aov": 32.83175, "margin_rate": 0.00753615022044211, "promo_effort": 0.35972405050948275}, {"year_month": "2015-02", "year": 2015.0, "region": "Central", "category": "Technology", "sales": 531.21, "profit": 228.7476, "orders": 2, "customers": 2, "quantity": 9.0, "discount_amt": 0.0, "sales_before": 531.21, "aov": 265.605, "margin_rate": 0.43061614050940306, "promo_effort": 0.0}, {"year_month": "2015-02", "year": 2015.0, "region": "East", "category": "Office Supplies", "sales": 84.416, "profit": 13.1488, "orders": 2, "customers": 2, "quantity": 8.0, "discount_amt": 4.863999999999997, "sales_before": 89.27999999999999, "aov": 42.208, "margin_rate": 0.15576194086429113, "promo_effort": 0.05448028673835123}, {"year_month": "2015-02", "year": 2015.0, "region": "East", "category": "Technology", "sales": 115.36, "profit": 49.6048, "orders": 1, "customers": 1, "quantity": 7.0, "discount_amt": 0.0, "sales_before": 115.36, "aov": 115.36, "margin_rate": 0.43, "promo_effort": 0.0}, {"year_month": "2015-02", "year": 2015.0, "region": "South", "category": "Furniture", "sales": 1256.22, "profit": 75.3732, "orders": 1, "customers": 1, "quantity": 6.0, "discount_amt": 0.0, "sales_before": 1256.22, "aov": 1256.22, "margin_rate": 0.06, "promo_effort": 0.0}, {"year_month": "2015-02", "year": 2015.0, "region": "South", "category": "Office Supplies", "sales": 50.796, "profit": 3.1822, "orders": 3, "customers": 3, "quantity": 8.0, "discount_amt": 42.783999999999985, "sales_before": 93.57999999999998, "aov": 16.932, "margin_rate": 0.06264666509173951, "promo_effort": 0.45719170762983535}, {"year_month": "2015-02", "year": 2015.0, "region": "South", "category": "Technology", "sales": 721.97, "profit": 200.7841, "orders": 3, "customers": 3, "quantity": 14.0, "discount_amt": 45.23999999999998, "sales_before": 767.21, "aov": 240.65666666666667, "margin_rate": 0.2781058769754976, "promo_effort": 0.05896690606222544}, {"year_month": "2015-02", "year": 2015.0, "region": "West", "category": "Furniture", "sales": 144.12800000000001, "profit": -18.761200000000002, "orders": 2, "customers": 2, "quantity": 4.0, "discount_amt": 32.391999999999996, "sales_before": 176.52, "aov": 72.06400000000001, "margin_rate": -0.13017040408525754, "promo_effort": 0.18350328574665756}, {"year_month": "2015-02", "year": 2015.0, "region": "West", "category": "Office Supplies", "sales": 673.858, "profit": 157.7806, "orders": 9, "customers": 9, "quantity": 40.0, "discount_amt": 68.57199999999997, "sales_before": 742.4300000000001, "aov": 74.8731111111111, "margin_rate": 0.2341451759866322, "promo_effort": 0.09236156944089001}, {"year_month": "2015-02", "year": 2015.0, "region": "West", "category": "Technology", "sales": 239.97, "profit": 86.3892, "orders": 1, "customers": 1, "quantity": 3.0, "discount_amt": 0.0, "sales_before": 239.97, "aov": 239.97, "margin_rate": 0.36, "promo_effort": 0.0}, {"year_month": "2015-03", "year": 2015.0, "region": "Central", "category": "Furniture", "sales": 3639.29, "profit": -305.2842, "orders": 6, "customers": 6, "quantity": 35.0, "discount_amt": 1120.0500000000002, "sales_before": 4759.34, "aov": 606.5483333333333, "margin_rate": -0.08388564802475208, "promo_effort": 0.23533725264427424}, {"year_month": "2015-03", "year": 2015.0, "region": "Central", "category": "Office Supplies", "sales": 1281.474, "profit": -226.98709999999997, "orders": 13, "customers": 13, "quantity": 77.0, "discount_amt": 907.7660000000002, "sales_before": 2189.2400000000002, "aov": 98.57492307692307, "margin_rate": -0.17712969595949662, "promo_effort": 0.4146489192596518}, {"year_month": "2015-03", "year": 2015.0, "region": "Central", "category": "Technology", "sales": 906.838, "profit": 258.2246, "orders": 3, "customers": 3, "quantity": 11.0, "discount_amt": 329.37199999999996, "sales_before": 1236.21, "aov": 302.27933333333334, "margin_rate": 0.2847527342259588, "promo_effort": 0.2664369322364323}, {"year_month": "2015-03", "year": 2015.0, "region": "East", "category": "Furniture", "sales": 4273.374, "profit": -1399.4013, "orders": 5, "customers": 5, "quantity": 32.0, "discount_amt": 2742.496, "sales_before": 7015.870000000001, "aov": 854.6748, "margin_rate": -0.327469886792029, "promo_effort": 0.3908989191646937}, {"year_month": "2015-03", "year": 2015.0, "region": "East", "category": "Office Supplies", "sales": 1022.914, "profit": 374.3077, "orders": 14, "customers": 14, "quantity": 98.0, "discount_amt": 105.60599999999995, "sales_before": 1128.52, "aov": 73.06528571428571, "margin_rate": 0.36592294171357514, "promo_effort": 0.09357920107751741}, {"year_month": "2015-03", "year": 2015.0, "region": "East", "category": "Technology", "sales": 647.1, "profit": 215.91809999999998, "orders": 4, "customers": 4, "quantity": 10.0, "discount_amt": 37.79999999999998, "sales_before": 684.9, "aov": 161.775, "margin_rate": 0.3336703755215577, "promo_effort": 0.05519053876478316}, {"year_month": "2015-03", "year": 2015.0, "region": "South", "category": "Furniture", "sales": 2740.5600000000004, "profit": 414.5204, "orders": 6, "customers": 6, "quantity": 31.0, "discount_amt": 400.1599999999998, "sales_before": 3140.72, "aov": 456.76000000000005, "margin_rate": 0.15125390431152755, "promo_effort": 0.1274102753508749}, {"year_month": "2015-03", "year": 2015.0, "region": "South", "category": "Office Supplies", "sales": 1623.785, "profit": 260.8797, "orders": 16, "customers": 16, "quantity": 112.0, "discount_amt": 511.8449999999999, "sales_before": 2135.6299999999997, "aov": 101.4865625, "margin_rate": 0.16066147919829288, "promo_effort": 0.23966932474258182}, {"year_month": "2015-03", "year": 2015.0, "region": "South", "category": "Technology", "sales": 28546.775999999998, "profit": -627.6753, "orders": 5, "customers": 5, "quantity": 29.0, "discount_amt": 23701.314, "sales_before": 52248.09, "aov": 5709.3552, "margin_rate": -0.021987607287071578, "promo_effort": 0.4536302475363214}, {"year_month": "2015-03", "year": 2015.0, "region": "West", "category": "Furniture", "sales": 3920.732, "profit": 161.5101, "orders": 9, "customers": 9, "quantity": 33.0, "discount_amt": 839.0779999999999, "sales_before": 4759.8099999999995, "aov": 435.6368888888889, "margin_rate": 0.04119386379890286, "promo_effort": 0.1762839272996191}, {"year_month": "2015-03", "year": 2015.0, "region": "West", "category": "Office Supplies", "sales": 4677.706, "profit": 862.213, "orders": 15, "customers": 15, "quantity": 83.0, "discount_amt": 424.55399999999986, "sales_before": 5102.26, "aov": 311.84706666666665, "margin_rate": 0.1843238972265465, "promo_effort": 0.08320900934095868}, {"year_month": "2015-03", "year": 2015.0, "region": "West", "category": "Technology", "sales": 2410.46, "profit": 510.5042, "orders": 7, "customers": 7, "quantity": 34.0, "discount_amt": 553.9699999999999, "sales_before": 2964.43, "aov": 344.3514285714286, "margin_rate": 0.2117870447964289, "promo_effort": 0.1868723498277915}, {"year_month": "2015-04", "year": 2015.0, "region": "Central", "category": "Furniture", "sales": 1468.218, "profit": -243.38649999999998, "orders": 3, "customers": 3, "quantity": 11.0, "discount_amt": 626.892, "sales_before": 2095.11, "aov": 489.406, "margin_rate": -0.1657700014575492, "promo_effort": 0.29921674756934}, {"year_month": "2015-04", "year": 2015.0, "region": "Central", "category": "Office Supplies", "sales": 1257.794, "profit": 178.845, "orders": 8, "customers": 8, "quantity": 60.0, "discount_amt": 93.85599999999998, "sales_before": 1351.65, "aov": 157.22425, "margin_rate": 0.14218942052514164, "promo_effort": 0.06943809418118593}, {"year_month": "2015-04", "year": 2015.0, "region": "Central", "category": "Technology", "sales": 986.328, "profit": 293.9202, "orders": 2, "customers": 2, "quantity": 9.0, "discount_amt": 246.58199999999994, "sales_before": 1232.9099999999999, "aov": 493.164, "margin_rate": 0.2979943791517629, "promo_effort": 0.19999999999999998}, {"year_month": "2015-04", "year": 2015.0, "region": "East", "category": "Furniture", "sales": 929.4140000000001, "profit": -141.13569999999999, "orders": 4, "customers": 4, "quantity": 14.0, "discount_amt": 464.6760000000001, "sales_before": 1394.0900000000001, "aov": 232.35350000000003, "margin_rate": -0.15185450186891952, "promo_effort": 0.3333185088480658}, {"year_month": "2015-04", "year": 2015.0, "region": "East", "category": "Office Supplies", "sales": 1756.8200000000002, "profit": -172.56570000000002, "orders": 11, "customers": 11, "quantity": 88.0, "discount_amt": 1388.1899999999998, "sales_before": 3145.0099999999998, "aov": 159.7109090909091, "margin_rate": -0.09822617001172573, "promo_effort": 0.4413944629746805}, {"year_month": "2015-04", "year": 2015.0, "region": "East", "category": "Technology", "sales": 368.672, "profit": 93.0762, "orders": 4, "customers": 4, "quantity": 18.0, "discount_amt": 77.14799999999998, "sales_before": 445.81999999999994, "aov": 92.168, "margin_rate": 0.2524634363336516, "promo_effort": 0.1730474182405455}, {"year_month": "2015-04", "year": 2015.0, "region": "South", "category": "Furniture", "sales": 2016.104, "profit": 448.3016, "orders": 5, "customers": 5, "quantity": 16.0, "discount_amt": 140.39599999999996, "sales_before": 2156.5, "aov": 403.2208, "margin_rate": 0.22236035442616056, "promo_effort": 0.06510364015766286}, {"year_month": "2015-04", "year": 2015.0, "region": "South", "category": "Office Supplies", "sales": 7088.602, "profit": 665.2837, "orders": 13, "customers": 13, "quantity": 107.0, "discount_amt": 39.067999999999984, "sales_before": 7127.67, "aov": 545.277076923077, "margin_rate": 0.09385259604079901, "promo_effort": 0.005481174072312548}, {"year_month": "2015-04", "year": 2015.0, "region": "South", "category": "Technology", "sales": 3079.906, "profit": 737.0418999999999, "orders": 8, "customers": 8, "quantity": 34.0, "discount_amt": 255.57399999999996, "sales_before": 3335.48, "aov": 384.98825, "margin_rate": 0.2393066216955972, "promo_effort": 0.07662285488145633}, {"year_month": "2015-04", "year": 2015.0, "region": "West", "category": "Furniture", "sales": 3531.1009999999997, "profit": 490.6007, "orders": 9, "customers": 9, "quantity": 40.0, "discount_amt": 508.669, "sales_before": 4039.77, "aov": 392.34455555555553, "margin_rate": 0.13893703408653563, "promo_effort": 0.12591533676422173}, {"year_month": "2015-04", "year": 2015.0, "region": "West", "category": "Office Supplies", "sales": 1051.858, "profit": 328.6456, "orders": 19, "customers": 19, "quantity": 90.0, "discount_amt": 55.871999999999986, "sales_before": 1107.73, "aov": 55.36094736842105, "margin_rate": 0.3124429343124262, "promo_effort": 0.050438283697290844}, {"year_month": "2015-04", "year": 2015.0, "region": "West", "category": "Technology", "sales": 4760.528, "profit": 810.2081999999999, "orders": 8, "customers": 8, "quantity": 49.0, "discount_amt": 896.7419999999996, "sales_before": 5657.2699999999995, "aov": 595.066, "margin_rate": 0.17019292817939521, "promo_effort": 0.15851143749547036}, {"year_month": "2015-05", "year": 2015.0, "region": "Central", "category": "Furniture", "sales": 2304.382, "profit": -401.3119, "orders": 9, "customers": 9, "quantity": 34.0, "discount_amt": 1289.1180000000002, "sales_before": 3593.5, "aov": 256.04244444444447, "margin_rate": -0.17415163805306585, "promo_effort": 0.35873605120356206}, {"year_month": "2015-05", "year": 2015.0, "region": "Central", "category": "Office Supplies", "sales": 797.596, "profit": -257.2424, "orders": 13, "customers": 13, "quantity": 77.0, "discount_amt": 954.5840000000003, "sales_before": 1752.18, "aov": 61.35353846153846, "margin_rate": -0.32252217914834075, "promo_effort": 0.5447979088906393}, {"year_month": "2015-05", "year": 2015.0, "region": "Central", "category": "Technology", "sales": 946.528, "profit": 152.53719999999998, "orders": 4, "customers": 4, "quantity": 10.0, "discount_amt": 236.6319999999999, "sales_before": 1183.1599999999999, "aov": 236.632, "margin_rate": 0.16115445079279217, "promo_effort": 0.19999999999999993}, {"year_month": "2015-05", "year": 2015.0, "region": "East", "category": "Furniture", "sales": 2433.143, "profit": -67.8329, "orders": 6, "customers": 6, "quantity": 28.0, "discount_amt": 770.547, "sales_before": 3203.69, "aov": 405.52383333333336, "margin_rate": -0.027878714896740552, "promo_effort": 0.2405185895014811}, {"year_month": "2015-05", "year": 2015.0, "region": "East", "category": "Office Supplies", "sales": 1718.006, "profit": 626.847, "orders": 14, "customers": 13, "quantity": 93.0, "discount_amt": 70.29399999999998, "sales_before": 1788.3, "aov": 122.7147142857143, "margin_rate": 0.36486892362424805, "promo_effort": 0.03930772241793882}, {"year_month": "2015-05", "year": 2015.0, "region": "East", "category": "Technology", "sales": 3098.954, "profit": 195.4824, "orders": 4, "customers": 4, "quantity": 14.0, "discount_amt": 1756.6360000000004, "sales_before": 4855.59, "aov": 774.7385, "margin_rate": 0.06308012316413861, "promo_effort": 0.3617760148612219}, {"year_month": "2015-05", "year": 2015.0, "region": "South", "category": "Furniture", "sales": 310.88, "profit": 23.316, "orders": 1, "customers": 1, "quantity": 2.0, "discount_amt": 77.71999999999997, "sales_before": 388.59999999999997, "aov": 310.88, "margin_rate": 0.075, "promo_effort": 0.19999999999999993}, {"year_month": "2015-05", "year": 2015.0, "region": "South", "category": "Office Supplies", "sales": 3415.776, "profit": 1052.7679, "orders": 7, "customers": 7, "quantity": 53.0, "discount_amt": 931.2639999999997, "sales_before": 4347.04, "aov": 487.96799999999996, "margin_rate": 0.3082075346861153, "promo_effort": 0.21422945268504537}, {"year_month": "2015-05", "year": 2015.0, "region": "South", "category": "Technology", "sales": 2052.584, "profit": 540.5823, "orders": 4, "customers": 4, "quantity": 14.0, "discount_amt": 119.99599999999992, "sales_before": 2172.58, "aov": 513.146, "margin_rate": 0.26336671239764126, "promo_effort": 0.0552320282797411}, {"year_month": "2015-05", "year": 2015.0, "region": "West", "category": "Furniture", "sales": 1864.382, "profit": 95.9512, "orders": 7, "customers": 7, "quantity": 33.0, "discount_amt": 441.6779999999998, "sales_before": 2306.06, "aov": 266.3402857142857, "margin_rate": 0.051465418567654055, "promo_effort": 0.1915292750405453}, {"year_month": "2015-05", "year": 2015.0, "region": "West", "category": "Office Supplies", "sales": 1204.246, "profit": 324.8319, "orders": 12, "customers": 12, "quantity": 58.0, "discount_amt": 69.42399999999998, "sales_before": 1273.67, "aov": 100.35383333333334, "margin_rate": 0.2697388241272962, "promo_effort": 0.054507054417549265}, {"year_month": "2015-05", "year": 2015.0, "region": "West", "category": "Technology", "sales": 3501.81, "profit": 452.7809, "orders": 8, "customers": 8, "quantity": 50.0, "discount_amt": 733.02, "sales_before": 4234.83, "aov": 437.72625, "margin_rate": 0.1292991053198203, "promo_effort": 0.173093134789354}, {"year_month": "2015-06", "year": 2015.0, "region": "Central", "category": "Furniture", "sales": 4284.0466, "profit": 325.2257, "orders": 7, "customers": 7, "quantity": 38.0, "discount_amt": 836.9034000000001, "sales_before": 5120.95, "aov": 612.0066571428571, "margin_rate": 0.07591553742669374, "promo_effort": 0.1634273718743593}, {"year_month": "2015-06", "year": 2015.0, "region": "Central", "category": "Office Supplies", "sales": 4669.892, "profit": 987.4609, "orders": 18, "customers": 18, "quantity": 113.0, "discount_amt": 458.55800000000005, "sales_before": 5128.45, "aov": 259.43844444444443, "margin_rate": 0.21145262031755768, "promo_effort": 0.08941454045569325}, {"year_month": "2015-06", "year": 2015.0, "region": "Central", "category": "Technology", "sales": 692.36, "profit": -66.56479999999999, "orders": 2, "customers": 2, "quantity": 7.0, "discount_amt": 347.59, "sales_before": 1039.95, "aov": 346.18, "margin_rate": -0.09614189150153098, "promo_effort": 0.3342372229434107}, {"year_month": "2015-06", "year": 2015.0, "region": "East", "category": "Furniture", "sales": 3672.689, "profit": -367.74879999999996, "orders": 5, "customers": 5, "quantity": 23.0, "discount_amt": 1715.9010000000003, "sales_before": 5388.59, "aov": 734.5378, "margin_rate": -0.1001306672032399, "promo_effort": 0.3184322800584198}, {"year_month": "2015-06", "year": 2015.0, "region": "East", "category": "Office Supplies", "sales": 3392.63, "profit": 604.5134, "orders": 16, "customers": 16, "quantity": 108.0, "discount_amt": 376.9999999999999, "sales_before": 3769.63, "aov": 212.039375, "margin_rate": 0.17818429949626102, "promo_effort": 0.10000981528691141}, {"year_month": "2015-06", "year": 2015.0, "region": "East", "category": "Technology", "sales": 3693.837, "profit": 743.3766, "orders": 7, "customers": 7, "quantity": 29.0, "discount_amt": 583.7529999999999, "sales_before": 4277.59, "aov": 527.691, "margin_rate": 0.20124780817345217, "promo_effort": 0.13646773066142381}, {"year_month": "2015-06", "year": 2015.0, "region": "South", "category": "Furniture", "sales": 1823.8419999999999, "profit": 301.6862, "orders": 5, "customers": 5, "quantity": 18.0, "discount_amt": 42.587999999999994, "sales_before": 1866.4299999999998, "aov": 364.7684, "margin_rate": 0.16541246445689922, "promo_effort": 0.022817892982860327}, {"year_month": "2015-06", "year": 2015.0, "region": "South", "category": "Office Supplies", "sales": 1105.729, "profit": 252.463, "orders": 6, "customers": 5, "quantity": 32.0, "discount_amt": 102.14099999999996, "sales_before": 1207.87, "aov": 184.28816666666668, "margin_rate": 0.22832267219183, "promo_effort": 0.08456290825999484}, {"year_month": "2015-06", "year": 2015.0, "region": "South", "category": "Technology", "sales": 1630.6799999999998, "profit": 424.29699999999997, "orders": 4, "customers": 4, "quantity": 15.0, "discount_amt": 0.0, "sales_before": 1630.6799999999998, "aov": 407.66999999999996, "margin_rate": 0.2601963598008193, "promo_effort": 0.0}, {"year_month": "2015-06", "year": 2015.0, "region": "West", "category": "Furniture", "sales": 3425.548, "profit": 337.1522, "orders": 8, "customers": 8, "quantity": 43.0, "discount_amt": 685.962, "sales_before": 4111.51, "aov": 428.1935, "margin_rate": 0.09842285088400454, "promo_effort": 0.16683943368738005}, {"year_month": "2015-06", "year": 2015.0, "region": "West", "category": "Office Supplies", "sales": 3784.7860000000005, "profit": 1186.9953, "orders": 10, "customers": 10, "quantity": 69.0, "discount_amt": 960.194, "sales_before": 4744.9800000000005, "aov": 378.47860000000003, "margin_rate": 0.31362283098700955, "promo_effort": 0.202359967797546}, {"year_month": "2015-06", "year": 2015.0, "region": "West", "category": "Technology", "sales": 2419.088, "profit": 247.6677, "orders": 4, "customers": 4, "quantity": 26.0, "discount_amt": 604.7719999999999, "sales_before": 3023.86, "aov": 604.772, "margin_rate": 0.10238060789851382, "promo_effort": 0.19999999999999998}, {"year_month": "2015-07", "year": 2015.0, "region": "Central", "category": "Furniture", "sales": 2185.8959999999997, "profit": -273.114, "orders": 4, "customers": 4, "quantity": 18.0, "discount_amt": 973.4940000000001, "sales_before": 3159.39, "aov": 546.4739999999999, "margin_rate": -0.12494373016831542, "promo_effort": 0.308127201769962}, {"year_month": "2015-07", "year": 2015.0, "region": "Central", "category": "Office Supplies", "sales": 3446.5119999999997, "profit": -3816.9578, "orders": 12, "customers": 12, "quantity": 87.0, "discount_amt": 9275.188000000004, "sales_before": 12721.700000000003, "aov": 287.2093333333333, "margin_rate": -1.1074842623498773, "promo_effort": 0.7290840060683715}, {"year_month": "2015-07", "year": 2015.0, "region": "Central", "category": "Technology", "sales": 1108.166, "profit": 34.738, "orders": 6, "customers": 6, "quantity": 26.0, "discount_amt": 267.30399999999986, "sales_before": 1375.4699999999998, "aov": 184.69433333333333, "margin_rate": 0.03134728912455354, "promo_effort": 0.19433648134819365}, {"year_month": "2015-07", "year": 2015.0, "region": "East", "category": "Furniture", "sales": 1386.67, "profit": 239.0158, "orders": 5, "customers": 5, "quantity": 20.0, "discount_amt": 136.38, "sales_before": 1523.0500000000002, "aov": 277.334, "margin_rate": 0.17236674911839153, "promo_effort": 0.08954400709103442}, {"year_month": "2015-07", "year": 2015.0, "region": "East", "category": "Office Supplies", "sales": 527.262, "profit": 164.98680000000002, "orders": 11, "customers": 11, "quantity": 48.0, "discount_amt": 88.77799999999999, "sales_before": 616.04, "aov": 47.932909090909085, "margin_rate": 0.31291236614813894, "promo_effort": 0.1441107720277904}, {"year_month": "2015-07", "year": 2015.0, "region": "East", "category": "Technology", "sales": 1654.214, "profit": 443.1339, "orders": 8, "customers": 8, "quantity": 18.0, "discount_amt": 164.98599999999993, "sales_before": 1819.2, "aov": 206.77675, "margin_rate": 0.2678818460005779, "promo_effort": 0.09069151275285836}, {"year_month": "2015-07", "year": 2015.0, "region": "South", "category": "Furniture", "sales": 456.214, "profit": 61.9312, "orders": 3, "customers": 3, "quantity": 16.0, "discount_amt": 90.65599999999995, "sales_before": 546.8699999999999, "aov": 152.07133333333334, "margin_rate": 0.13575032769708953, "promo_effort": 0.1657724870627388}, {"year_month": "2015-07", "year": 2015.0, "region": "South", "category": "Office Supplies", "sales": 317.01599999999996, "profit": 122.9209, "orders": 7, "customers": 7, "quantity": 52.0, "discount_amt": 51.893999999999984, "sales_before": 368.90999999999997, "aov": 45.288, "margin_rate": 0.38774352083175617, "promo_effort": 0.1406684557209075}, {"year_month": "2015-07", "year": 2015.0, "region": "South", "category": "Technology", "sales": 1055.8899999999999, "profit": 235.1798, "orders": 2, "customers": 2, "quantity": 5.0, "discount_amt": 143.9799999999999, "sales_before": 1199.87, "aov": 527.9449999999999, "margin_rate": 0.22273134512117743, "promo_effort": 0.11999633293606801}, {"year_month": "2015-07", "year": 2015.0, "region": "West", "category": "Furniture", "sales": 6792.271, "profit": 346.41369999999995, "orders": 13, "customers": 13, "quantity": 60.0, "discount_amt": 1283.5589999999997, "sales_before": 8075.83, "aov": 522.4823846153846, "margin_rate": 0.0510011599949413, "promo_effort": 0.1589383382265352}, {"year_month": "2015-07", "year": 2015.0, "region": "West", "category": "Office Supplies", "sales": 10830.418, "profit": 1047.0329, "orders": 22, "customers": 22, "quantity": 146.0, "discount_amt": 232.14199999999994, "sales_before": 11062.56, "aov": 492.29172727272726, "margin_rate": 0.09667520681103905, "promo_effort": 0.020984473756526515}, {"year_month": "2015-07", "year": 2015.0, "region": "West", "category": "Technology", "sales": 4185.864, "profit": 553.2361999999999, "orders": 7, "customers": 7, "quantity": 54.0, "discount_amt": 894.506, "sales_before": 5080.37, "aov": 597.9805714285714, "margin_rate": 0.13216774362473316, "promo_effort": 0.17607103419632822}, {"year_month": "2015-08", "year": 2015.0, "region": "Central", "category": "Furniture", "sales": 964.482, "profit": 58.544, "orders": 3, "customers": 3, "quantity": 10.0, "discount_amt": 390.2580000000001, "sales_before": 1354.7400000000002, "aov": 321.49399999999997, "margin_rate": 0.06069994048618844, "promo_effort": 0.2880685592807476}, {"year_month": "2015-08", "year": 2015.0, "region": "Central", "category": "Office Supplies", "sales": 1186.531, "profit": 201.77739999999997, "orders": 7, "customers": 7, "quantity": 35.0, "discount_amt": 298.5990000000001, "sales_before": 1485.13, "aov": 169.50442857142858, "margin_rate": 0.17005657669289717, "promo_effort": 0.20105916653760955}, {"year_month": "2015-08", "year": 2015.0, "region": "Central", "category": "Technology", "sales": 871.1700000000001, "profit": 368.10540000000003, "orders": 2, "customers": 2, "quantity": 5.0, "discount_amt": 0.0, "sales_before": 871.1700000000001, "aov": 435.58500000000004, "margin_rate": 0.42254140982816213, "promo_effort": 0.0}, {"year_month": "2015-08", "year": 2015.0, "region": "East", "category": "Furniture", "sales": 2010.402, "profit": 77.61259999999999, "orders": 4, "customers": 4, "quantity": 17.0, "discount_amt": 568.728, "sales_before": 2579.13, "aov": 502.6005, "margin_rate": 0.0386055127283001, "promo_effort": 0.22051156785427642}, {"year_month": "2015-08", "year": 2015.0, "region": "East", "category": "Office Supplies", "sales": 1830.686, "profit": 446.2732, "orders": 18, "customers": 18, "quantity": 129.0, "discount_amt": 310.0739999999999, "sales_before": 2140.7599999999998, "aov": 101.70477777777778, "margin_rate": 0.24377375475641372, "promo_effort": 0.14484295296997324}, {"year_month": "2015-08", "year": 2015.0, "region": "East", "category": "Technology", "sales": 741.36, "profit": 277.92060000000004, "orders": 4, "customers": 4, "quantity": 15.0, "discount_amt": 0.0, "sales_before": 741.36, "aov": 185.34, "margin_rate": 0.37487941081256076, "promo_effort": 0.0}, {"year_month": "2015-08", "year": 2015.0, "region": "South", "category": "Furniture", "sales": 2744.7625, "profit": 524.4055000000001, "orders": 6, "customers": 6, "quantity": 40.0, "discount_amt": 192.30749999999992, "sales_before": 2937.07, "aov": 457.4604166666666, "margin_rate": 0.19105678542314686, "promo_effort": 0.06547596754588754}, {"year_month": "2015-08", "year": 2015.0, "region": "South", "category": "Office Supplies", "sales": 2719.102, "profit": 327.187, "orders": 12, "customers": 12, "quantity": 78.0, "discount_amt": 1367.2879999999996, "sales_before": 4086.39, "aov": 226.5918333333333, "margin_rate": 0.12032906452203707, "promo_effort": 0.33459557213090274}, {"year_month": "2015-08", "year": 2015.0, "region": "South", "category": "Technology", "sales": 1592.742, "profit": 475.37489999999997, "orders": 6, "customers": 6, "quantity": 34.0, "discount_amt": 84.32799999999997, "sales_before": 1677.07, "aov": 265.457, "margin_rate": 0.2984632162647811, "promo_effort": 0.050282933926431204}, {"year_month": "2015-08", "year": 2015.0, "region": "West", "category": "Furniture", "sales": 1600.7, "profit": 2.909600000000017, "orders": 10, "customers": 10, "quantity": 40.0, "discount_amt": 383.96999999999997, "sales_before": 1984.67, "aov": 160.07, "margin_rate": 0.0018177047541700613, "promo_effort": 0.1934679316964533}, {"year_month": "2015-08", "year": 2015.0, "region": "West", "category": "Office Supplies", "sales": 5643.143, "profit": 1792.3631, "orders": 21, "customers": 20, "quantity": 134.0, "discount_amt": 692.9569999999997, "sales_before": 6336.1, "aov": 268.72109523809524, "margin_rate": 0.3176178771298193, "promo_effort": 0.10936648727134982}, {"year_month": "2015-08", "year": 2015.0, "region": "West", "category": "Technology", "sales": 6004.388, "profit": 765.6317, "orders": 12, "customers": 12, "quantity": 72.0, "discount_amt": 1405.9019999999996, "sales_before": 7410.29, "aov": 500.36566666666664, "margin_rate": 0.12751202953573287, "promo_effort": 0.18972293931816428}, {"year_month": "2015-09", "year": 2015.0, "region": "Central", "category": "Furniture", "sales": 6189.8278, "profit": -253.4921, "orders": 12, "customers": 12, "quantity": 59.0, "discount_amt": 2390.2122000000004, "sales_before": 8580.04, "aov": 515.8189833333333, "margin_rate": -0.040953013264763194, "promo_effort": 0.2785782117565886}, {"year_month": "2015-09", "year": 2015.0, "region": "Central", "category": "Office Supplies", "sales": 12488.706, "profit": 3668.3759999999993, "orders": 20, "customers": 20, "quantity": 143.0, "discount_amt": 2737.1940000000004, "sales_before": 15225.9, "aov": 624.4353, "margin_rate": 0.2937354758771645, "promo_effort": 0.17977223021299238}, {"year_month": "2015-09", "year": 2015.0, "region": "Central", "category": "Technology", "sales": 15730.156, "profit": -1992.0867, "orders": 10, "customers": 10, "quantity": 62.0, "discount_amt": 9850.144, "sales_before": 25580.3, "aov": 1573.0156000000002, "margin_rate": -0.12664125517890604, "promo_effort": 0.3850675715296537}, {"year_month": "2015-09", "year": 2015.0, "region": "East", "category": "Furniture", "sales": 10015.199, "profit": 1164.5895, "orders": 20, "customers": 20, "quantity": 84.0, "discount_amt": 1561.9009999999998, "sales_before": 11577.1, "aov": 500.75995, "margin_rate": 0.1162822126649705, "promo_effort": 0.13491297475188085}, {"year_month": "2015-09", "year": 2015.0, "region": "East", "category": "Office Supplies", "sales": 8440.576, "profit": 1048.5216, "orders": 40, "customers": 39, "quantity": 230.0, "discount_amt": 1093.9339999999997, "sales_before": 9534.51, "aov": 211.01439999999997, "margin_rate": 0.12422393921931396, "promo_effort": 0.1147341604340443}, {"year_month": "2015-09", "year": 2015.0, "region": "East", "category": "Technology", "sales": 6837.014, "profit": 1961.7022, "orders": 10, "customers": 10, "quantity": 52.0, "discount_amt": 1124.156, "sales_before": 7961.17, "aov": 683.7014, "margin_rate": 0.28692382376282977, "promo_effort": 0.14120487315306668}, {"year_month": "2015-09", "year": 2015.0, "region": "South", "category": "Furniture", "sales": 524.6, "profit": 75.31569999999999, "orders": 4, "customers": 4, "quantity": 14.0, "discount_amt": 95.54999999999998, "sales_before": 620.15, "aov": 131.15, "margin_rate": 0.14356786122760196, "promo_effort": 0.15407562686446824}, {"year_month": "2015-09", "year": 2015.0, "region": "South", "category": "Office Supplies", "sales": 2335.74, "profit": 947.8205, "orders": 14, "customers": 14, "quantity": 64.0, "discount_amt": 158.83999999999995, "sales_before": 2494.58, "aov": 166.8385714285714, "margin_rate": 0.4057902420646134, "promo_effort": 0.06367404533027601}, {"year_month": "2015-09", "year": 2015.0, "region": "South", "category": "Technology", "sales": 4314.995000000001, "profit": -1368.17, "orders": 6, "customers": 6, "quantity": 18.0, "discount_amt": 3940.7750000000005, "sales_before": 8255.77, "aov": 719.1658333333335, "margin_rate": -0.3170733685670551, "promo_effort": 0.47733585116833444}, {"year_month": "2015-09", "year": 2015.0, "region": "West", "category": "Furniture", "sales": 7086.854, "profit": 872.1845, "orders": 13, "customers": 13, "quantity": 51.0, "discount_amt": 1100.3559999999998, "sales_before": 8187.21, "aov": 545.1426153846154, "margin_rate": 0.1230707589009171, "promo_effort": 0.13439938635994433}, {"year_month": "2015-09", "year": 2015.0, "region": "West", "category": "Office Supplies", "sales": 4158.276, "profit": 1034.8221, "orders": 28, "customers": 28, "quantity": 187.0, "discount_amt": 162.84399999999997, "sales_before": 4321.12, "aov": 148.50985714285713, "margin_rate": 0.2488584451825709, "promo_effort": 0.03768560002962194}, {"year_month": "2015-09", "year": 2015.0, "region": "West", "category": "Technology", "sales": 3655.407, "profit": 1168.5161, "orders": 7, "customers": 7, "quantity": 36.0, "discount_amt": 397.9729999999999, "sales_before": 4053.38, "aov": 522.201, "margin_rate": 0.3196678509397175, "promo_effort": 0.09818299789311634}, {"year_month": "2015-10", "year": 2015.0, "region": "Central", "category": "Furniture", "sales": 295.367, "profit": -90.7635, "orders": 3, "customers": 3, "quantity": 8.0, "discount_amt": 166.32300000000004, "sales_before": 461.69, "aov": 98.45566666666667, "margin_rate": -0.3072905910274336, "promo_effort": 0.36024821850159205}, {"year_month": "2015-10", "year": 2015.0, "region": "Central", "category": "Office Supplies", "sales": 1758.6779999999999, "profit": 197.1815, "orders": 12, "customers": 12, "quantity": 75.0, "discount_amt": 418.162, "sales_before": 2176.84, "aov": 146.5565, "margin_rate": 0.11211915995992446, "promo_effort": 0.1920958821043347}, {"year_month": "2015-10", "year": 2015.0, "region": "Central", "category": "Technology", "sales": 6911.712, "profit": 1234.8234, "orders": 7, "customers": 7, "quantity": 35.0, "discount_amt": 1662.9379999999994, "sales_before": 8574.65, "aov": 987.3874285714286, "margin_rate": 0.17865666277761572, "promo_effort": 0.19393654551497722}, {"year_month": "2015-10", "year": 2015.0, "region": "East", "category": "Furniture", "sales": 6725.66, "profit": -117.20319999999998, "orders": 9, "customers": 9, "quantity": 49.0, "discount_amt": 1586.16, "sales_before": 8311.82, "aov": 747.2955555555556, "margin_rate": -0.0174262748934677, "promo_effort": 0.1908318515078527}, {"year_month": "2015-10", "year": 2015.0, "region": "East", "category": "Office Supplies", "sales": 1757.2060000000001, "profit": 223.54, "orders": 15, "customers": 15, "quantity": 82.0, "discount_amt": 353.7339999999999, "sales_before": 2110.94, "aov": 117.14706666666667, "margin_rate": 0.12721331477356665, "promo_effort": 0.16757179266108932}, {"year_month": "2015-10", "year": 2015.0, "region": "East", "category": "Technology", "sales": 462.25800000000004, "profit": -44.358299999999986, "orders": 4, "customers": 4, "quantity": 11.0, "discount_amt": 283.8019999999999, "sales_before": 746.06, "aov": 115.56450000000001, "margin_rate": -0.09596004828472407, "promo_effort": 0.3804010401308205}, {"year_month": "2015-10", "year": 2015.0, "region": "South", "category": "Furniture", "sales": 2225.3540000000003, "profit": 199.08800000000002, "orders": 7, "customers": 7, "quantity": 28.0, "discount_amt": 222.906, "sales_before": 2448.26, "aov": 317.90771428571435, "margin_rate": 0.0894635190625851, "promo_effort": 0.09104670255610106}, {"year_month": "2015-10", "year": 2015.0, "region": "South", "category": "Office Supplies", "sales": 1147.018, "profit": 82.6467, "orders": 10, "customers": 10, "quantity": 42.0, "discount_amt": 71.89199999999998, "sales_before": 1218.91, "aov": 114.7018, "margin_rate": 0.0720535335975547, "promo_effort": 0.05898056460280084}, {"year_month": "2015-10", "year": 2015.0, "region": "South", "category": "Technology", "sales": 1441.382, "profit": 372.0372, "orders": 3, "customers": 3, "quantity": 10.0, "discount_amt": 5.8679999999999986, "sales_before": 1447.25, "aov": 480.46066666666667, "margin_rate": 0.2581114513709759, "promo_effort": 0.0040545862843323534}, {"year_month": "2015-10", "year": 2015.0, "region": "West", "category": "Furniture", "sales": 3057.866, "profit": 258.0432, "orders": 9, "customers": 9, "quantity": 45.0, "discount_amt": 362.614, "sales_before": 3420.48, "aov": 339.7628888888889, "margin_rate": 0.08438669320369173, "promo_effort": 0.1060126064178127}, {"year_month": "2015-10", "year": 2015.0, "region": "West", "category": "Office Supplies", "sales": 2548.226, "profit": 614.2724000000001, "orders": 20, "customers": 20, "quantity": 133.0, "discount_amt": 84.77399999999997, "sales_before": 2633.0, "aov": 127.41130000000001, "margin_rate": 0.24105883858025154, "promo_effort": 0.032196733763767554}, {"year_month": "2015-10", "year": 2015.0, "region": "West", "category": "Technology", "sales": 3122.666, "profit": 518.9499, "orders": 13, "customers": 13, "quantity": 55.0, "discount_amt": 552.7339999999998, "sales_before": 3675.3999999999996, "aov": 240.20507692307694, "margin_rate": 0.16618809056107822, "promo_effort": 0.15038744082276756}, {"year_month": "2015-11", "year": 2015.0, "region": "Central", "category": "Furniture", "sales": 5189.9002, "profit": -239.7412, "orders": 13, "customers": 13, "quantity": 56.0, "discount_amt": 1860.1298000000004, "sales_before": 7050.030000000001, "aov": 399.2230923076923, "margin_rate": -0.0461937977150312, "promo_effort": 0.2638470758280462}, {"year_month": "2015-11", "year": 2015.0, "region": "Central", "category": "Office Supplies", "sales": 6127.024, "profit": -611.4743000000001, "orders": 29, "customers": 29, "quantity": 203.0, "discount_amt": 4554.326000000001, "sales_before": 10681.35, "aov": 211.27668965517242, "margin_rate": -0.09979956011270726, "promo_effort": 0.4263811222364215}, {"year_month": "2015-11", "year": 2015.0, "region": "Central", "category": "Technology", "sales": 2740.644, "profit": 57.05659999999999, "orders": 12, "customers": 12, "quantity": 48.0, "discount_amt": 911.9259999999999, "sales_before": 3652.5699999999997, "aov": 228.38699999999997, "margin_rate": 0.0208186834919092, "promo_effort": 0.24966694683469448}, {"year_month": "2015-11", "year": 2015.0, "region": "East", "category": "Furniture", "sales": 8322.296, "profit": -57.44469999999996, "orders": 18, "customers": 18, "quantity": 81.0, "discount_amt": 2274.9840000000004, "sales_before": 10597.28, "aov": 462.3497777777778, "margin_rate": -0.00690250623145343, "promo_effort": 0.21467621880331558}, {"year_month": "2015-11", "year": 2015.0, "region": "East", "category": "Office Supplies", "sales": 9871.389, "profit": 2146.6804, "orders": 35, "customers": 34, "quantity": 180.0, "discount_amt": 1263.2609999999997, "sales_before": 11134.65, "aov": 282.03968571428567, "margin_rate": 0.21746487753648452, "promo_effort": 0.11345313952391856}, {"year_month": "2015-11", "year": 2015.0, "region": "East", "category": "Technology", "sales": 15757.086, "profit": 3502.3965, "orders": 13, "customers": 13, "quantity": 78.0, "discount_amt": 2500.764, "sales_before": 18257.850000000002, "aov": 1212.0835384615384, "margin_rate": 0.22227437865097646, "promo_effort": 0.13696924884364806}, {"year_month": "2015-11", "year": 2015.0, "region": "South", "category": "Furniture", "sales": 2014.038, "profit": -217.44039999999998, "orders": 4, "customers": 4, "quantity": 24.0, "discount_amt": 732.612, "sales_before": 2746.6499999999996, "aov": 503.5095, "margin_rate": -0.1079624118313557, "promo_effort": 0.2667292884058763}, {"year_month": "2015-11", "year": 2015.0, "region": "South", "category": "Office Supplies", "sales": 2868.265, "profit": 1004.1863, "orders": 15, "customers": 15, "quantity": 129.0, "discount_amt": 217.76499999999993, "sales_before": 3086.0299999999997, "aov": 191.21766666666664, "margin_rate": 0.3501023441000047, "promo_effort": 0.07056477091927167}, {"year_month": "2015-11", "year": 2015.0, "region": "South", "category": "Technology", "sales": 2546.45, "profit": 556.597, "orders": 5, "customers": 5, "quantity": 34.0, "discount_amt": 444.6899999999998, "sales_before": 2991.14, "aov": 509.28999999999996, "margin_rate": 0.21857762767774747, "promo_effort": 0.1486690693180526}, {"year_month": "2015-11", "year": 2015.0, "region": "West", "category": "Furniture", "sales": 6038.6385, "profit": 216.7305, "orders": 18, "customers": 18, "quantity": 67.0, "discount_amt": 1249.5514999999996, "sales_before": 7288.19, "aov": 335.47991666666667, "margin_rate": 0.035890623358228846, "promo_effort": 0.17144880964958373}, {"year_month": "2015-11", "year": 2015.0, "region": "West", "category": "Office Supplies", "sales": 7995.758, "profit": 1872.5636, "orders": 40, "customers": 40, "quantity": 229.0, "discount_amt": 920.6219999999998, "sales_before": 8916.38, "aov": 199.89395, "margin_rate": 0.23419463170346075, "promo_effort": 0.10325064656284276}, {"year_month": "2015-11", "year": 2015.0, "region": "West", "category": "Technology", "sales": 9157.228, "profit": 1062.0166, "orders": 21, "customers": 21, "quantity": 90.0, "discount_amt": 1966.2019999999995, "sales_before": 11123.43, "aov": 436.05847619047614, "margin_rate": 0.11597577345458691, "promo_effort": 0.1767622037447082}, {"year_month": "2015-12", "year": 2015.0, "region": "Central", "category": "Furniture", "sales": 5442.586, "profit": 233.0964000000001, "orders": 14, "customers": 14, "quantity": 66.0, "discount_amt": 1661.1840000000002, "sales_before": 7103.77, "aov": 388.7561428571429, "margin_rate": 0.04282824377970327, "promo_effort": 0.23384540884628868}, {"year_month": "2015-12", "year": 2015.0, "region": "Central", "category": "Office Supplies", "sales": 2722.482, "profit": 211.53229999999994, "orders": 29, "customers": 29, "quantity": 126.0, "discount_amt": 1487.1380000000001, "sales_before": 4209.62, "aov": 93.87868965517241, "margin_rate": 0.07769832821667873, "promo_effort": 0.35327131665090916}, {"year_month": "2015-12", "year": 2015.0, "region": "Central", "category": "Technology", "sales": 2470.498, "profit": 443.21840000000003, "orders": 11, "customers": 11, "quantity": 51.0, "discount_amt": 455.8019999999998, "sales_before": 2926.2999999999997, "aov": 224.59072727272726, "margin_rate": 0.17940447634444553, "promo_effort": 0.15576051669343535}, {"year_month": "2015-12", "year": 2015.0, "region": "East", "category": "Furniture", "sales": 7264.888, "profit": 191.49640000000005, "orders": 16, "customers": 16, "quantity": 90.0, "discount_amt": 1880.552, "sales_before": 9145.44, "aov": 454.0555, "margin_rate": 0.026359167546698595, "promo_effort": 0.20562728529190502}, {"year_month": "2015-12", "year": 2015.0, "region": "East", "category": "Office Supplies", "sales": 5454.114, "profit": 1235.7737, "orders": 23, "customers": 23, "quantity": 154.0, "discount_amt": 539.4459999999998, "sales_before": 5993.5599999999995, "aov": 237.13539130434782, "margin_rate": 0.22657643386258522, "promo_effort": 0.09000427125114287}, {"year_month": "2015-12", "year": 2015.0, "region": "East", "category": "Technology", "sales": 11978.674, "profit": 3426.7383, "orders": 14, "customers": 14, "quantity": 45.0, "discount_amt": 1575.3360000000002, "sales_before": 13554.01, "aov": 855.6195714285715, "margin_rate": 0.2860699189242482, "promo_effort": 0.11622656320896917}, {"year_month": "2015-12", "year": 2015.0, "region": "South", "category": "Furniture", "sales": 6476.7, "profit": 963.8252, "orders": 7, "customers": 7, "quantity": 46.0, "discount_amt": 481.9499999999999, "sales_before": 6958.65, "aov": 925.2428571428571, "margin_rate": 0.1488142418206803, "promo_effort": 0.06925912353689291}, {"year_month": "2015-12", "year": 2015.0, "region": "South", "category": "Office Supplies", "sales": 1331.575, "profit": 212.64339999999999, "orders": 18, "customers": 18, "quantity": 69.0, "discount_amt": 241.7249999999999, "sales_before": 1573.3, "aov": 73.97638888888889, "margin_rate": 0.15969314533541107, "promo_effort": 0.15364202631411678}, {"year_month": "2015-12", "year": 2015.0, "region": "South", "category": "Technology", "sales": 947.6980000000001, "profit": 184.1032, "orders": 5, "customers": 5, "quantity": 17.0, "discount_amt": 85.94199999999998, "sales_before": 1033.6399999999999, "aov": 189.5396, "margin_rate": 0.19426357341684794, "promo_effort": 0.08314500212840059}, {"year_month": "2015-12", "year": 2015.0, "region": "West", "category": "Furniture", "sales": 11461.7925, "profit": 623.4018, "orders": 20, "customers": 20, "quantity": 110.0, "discount_amt": 2949.2774999999992, "sales_before": 14411.07, "aov": 573.089625, "margin_rate": 0.05438955556035411, "promo_effort": 0.2046536100372838}, {"year_month": "2015-12", "year": 2015.0, "region": "West", "category": "Office Supplies", "sales": 8498.291, "profit": 404.44590000000005, "orders": 35, "customers": 35, "quantity": 224.0, "discount_amt": 4288.288999999999, "sales_before": 12786.58, "aov": 242.80831428571426, "margin_rate": 0.0475914392670244, "promo_effort": 0.33537419700967724}, {"year_month": "2015-12", "year": 2015.0, "region": "West", "category": "Technology", "sales": 5496.322, "profit": 853.2949, "orders": 11, "customers": 11, "quantity": 81.0, "discount_amt": 1259.6179999999995, "sales_before": 6755.94, "aov": 499.6656363636364, "margin_rate": 0.15524834607579396, "promo_effort": 0.18644600159267247}, {"year_month": "2016-01", "year": 2016.0, "region": "Central", "category": "Furniture", "sales": 1962.2236, "profit": -754.7786, "orders": 4, "customers": 4, "quantity": 24.0, "discount_amt": 1147.8564000000001, "sales_before": 3110.0800000000004, "aov": 490.5559, "margin_rate": -0.38465473557651636, "promo_effort": 0.3690761652433378}, {"year_month": "2016-01", "year": 2016.0, "region": "Central", "category": "Office Supplies", "sales": 149.888, "profit": 67.27340000000001, "orders": 5, "customers": 5, "quantity": 23.0, "discount_amt": 7.931999999999998, "sales_before": 157.82, "aov": 29.977600000000002, "margin_rate": 0.44882445559350986, "promo_effort": 0.05025978963375997}, {"year_month": "2016-01", "year": 2016.0, "region": "Central", "category": "Technology", "sales": 398.4, "profit": 84.66, "orders": 1, "customers": 1, "quantity": 5.0, "discount_amt": 99.59999999999997, "sales_before": 497.99999999999994, "aov": 398.4, "margin_rate": 0.2125, "promo_effort": 0.19999999999999996}, {"year_month": "2016-01", "year": 2016.0, "region": "East", "category": "Furniture", "sales": 1652.54, "profit": -672.2236, "orders": 3, "customers": 3, "quantity": 11.0, "discount_amt": 1209.1800000000003, "sales_before": 2861.7200000000003, "aov": 550.8466666666667, "margin_rate": -0.40678204461011536, "promo_effort": 0.42253609717233}, {"year_month": "2016-01", "year": 2016.0, "region": "East", "category": "Office Supplies", "sales": 711.476, "profit": 196.1968, "orders": 6, "customers": 6, "quantity": 24.0, "discount_amt": 11.803999999999995, "sales_before": 723.28, "aov": 118.57933333333334, "margin_rate": 0.2757602505214512, "promo_effort": 0.016320097334365662}, {"year_month": "2016-01", "year": 2016.0, "region": "East", "category": "Technology", "sales": 2306.978, "profit": -1157.3611999999998, "orders": 3, "customers": 3, "quantity": 30.0, "discount_amt": 3476.3319999999994, "sales_before": 5783.3099999999995, "aov": 768.9926666666667, "margin_rate": -0.5016784728766377, "promo_effort": 0.6010972954934112}, {"year_month": "2016-01", "year": 2016.0, "region": "South", "category": "Furniture", "sales": 4489.8640000000005, "profit": -1793.1132, "orders": 2, "customers": 2, "quantity": 27.0, "discount_amt": 2865.0960000000005, "sales_before": 7354.960000000001, "aov": 2244.9320000000002, "margin_rate": -0.3993691568386035, "promo_effort": 0.3895461022221739}, {"year_month": "2016-01", "year": 2016.0, "region": "South", "category": "Office Supplies", "sales": 475.96999999999997, "profit": 148.0315, "orders": 4, "customers": 4, "quantity": 28.0, "discount_amt": 25.519999999999996, "sales_before": 501.48999999999995, "aov": 118.99249999999999, "margin_rate": 0.31101014769838436, "promo_effort": 0.050888352708927394}, {"year_month": "2016-01", "year": 2016.0, "region": "West", "category": "Furniture", "sales": 3635.3140000000003, "profit": 205.91539999999998, "orders": 4, "customers": 4, "quantity": 26.0, "discount_amt": 716.376, "sales_before": 4351.6900000000005, "aov": 908.8285000000001, "margin_rate": 0.05664308502649289, "promo_effort": 0.16462018204421727}, {"year_month": "2016-01", "year": 2016.0, "region": "West", "category": "Office Supplies", "sales": 471.44599999999997, "profit": 178.3952, "orders": 5, "customers": 5, "quantity": 35.0, "discount_amt": 43.463999999999984, "sales_before": 514.91, "aov": 94.2892, "margin_rate": 0.37840007127009245, "promo_effort": 0.08441086791866537}, {"year_month": "2016-01", "year": 2016.0, "region": "West", "category": "Technology", "sales": 1919.976, "profit": 215.9973, "orders": 1, "customers": 1, "quantity": 3.0, "discount_amt": 479.9939999999997, "sales_before": 2399.97, "aov": 1919.976, "margin_rate": 0.11249999999999999, "promo_effort": 0.1999999999999999}, {"year_month": "2016-02", "year": 2016.0, "region": "Central", "category": "Furniture", "sales": 69.184, "profit": -19.512, "orders": 2, "customers": 2, "quantity": 4.0, "discount_amt": 61.175999999999995, "sales_before": 130.35999999999999, "aov": 34.592, "margin_rate": -0.28203052728954675, "promo_effort": 0.4692850567658791}, {"year_month": "2016-02", "year": 2016.0, "region": "Central", "category": "Office Supplies", "sales": 814.252, "profit": -88.76570000000001, "orders": 4, "customers": 4, "quantity": 19.0, "discount_amt": 189.44799999999998, "sales_before": 1003.6999999999999, "aov": 203.563, "margin_rate": -0.10901502237636508, "promo_effort": 0.18874962638238515}, {"year_month": "2016-02", "year": 2016.0, "region": "Central", "category": "Technology", "sales": 1644.15, "profit": 439.2517, "orders": 5, "customers": 5, "quantity": 23.0, "discount_amt": 129.81999999999994, "sales_before": 1773.97, "aov": 328.83000000000004, "margin_rate": 0.26716035641516894, "promo_effort": 0.07318049346944984}, {"year_month": "2016-02", "year": 2016.0, "region": "East", "category": "Furniture", "sales": 2137.542, "profit": 335.712, "orders": 3, "customers": 3, "quantity": 21.0, "discount_amt": 221.77800000000002, "sales_before": 2359.3199999999997, "aov": 712.514, "margin_rate": 0.15705515961791627, "promo_effort": 0.09400081379380501}, {"year_month": "2016-02", "year": 2016.0, "region": "East", "category": "Office Supplies", "sales": 3089.681, "profit": 1389.11, "orders": 10, "customers": 10, "quantity": 60.0, "discount_amt": 86.76899999999996, "sales_before": 3176.45, "aov": 308.9681, "margin_rate": 0.4495965764750471, "promo_effort": 0.0273163437170426}, {"year_month": "2016-02", "year": 2016.0, "region": "East", "category": "Technology", "sales": 1235.9099999999999, "profit": 81.7655, "orders": 4, "customers": 4, "quantity": 12.0, "discount_amt": 305.97, "sales_before": 1541.88, "aov": 308.97749999999996, "margin_rate": 0.06615813449199376, "promo_effort": 0.1984395672815005}, {"year_month": "2016-02", "year": 2016.0, "region": "South", "category": "Furniture", "sales": 551.264, "profit": 15.566400000000002, "orders": 1, "customers": 1, "quantity": 10.0, "discount_amt": 137.81599999999997, "sales_before": 689.08, "aov": 551.264, "margin_rate": 0.028237650200267025, "promo_effort": 0.19999999999999996}, {"year_month": "2016-02", "year": 2016.0, "region": "South", "category": "Office Supplies", "sales": 575.26, "profit": 204.0049, "orders": 3, "customers": 3, "quantity": 24.0, "discount_amt": 0.0, "sales_before": 575.26, "aov": 191.75333333333333, "margin_rate": 0.35463077564927165, "promo_effort": 0.0}, {"year_month": "2016-02", "year": 2016.0, "region": "South", "category": "Technology", "sales": 29.99, "profit": 2.999, "orders": 1, "customers": 1, "quantity": 1.0, "discount_amt": 0.0, "sales_before": 29.99, "aov": 29.99, "margin_rate": 0.1, "promo_effort": 0.0}, {"year_month": "2016-02", "year": 2016.0, "region": "West", "category": "Furniture", "sales": 376.38399999999996, "profit": 63.1284, "orders": 3, "customers": 3, "quantity": 10.0, "discount_amt": 59.865999999999985, "sales_before": 436.24999999999994, "aov": 125.46133333333331, "margin_rate": 0.1677233888794423, "promo_effort": 0.13722865329512893}, {"year_month": "2016-02", "year": 2016.0, "region": "West", "category": "Office Supplies", "sales": 888.874, "profit": 309.7526, "orders": 7, "customers": 7, "quantity": 46.0, "discount_amt": 16.345999999999997, "sales_before": 905.2200000000001, "aov": 126.982, "margin_rate": 0.34847751199832594, "promo_effort": 0.01805748878725613}, {"year_month": "2016-02", "year": 2016.0, "region": "West", "category": "Technology", "sales": 538.92, "profit": 80.838, "orders": 1, "customers": 1, "quantity": 9.0, "discount_amt": 0.0, "sales_before": 538.92, "aov": 538.92, "margin_rate": 0.15, "promo_effort": 0.0}, {"year_month": "2016-03", "year": 2016.0, "region": "Central", "category": "Furniture", "sales": 4219.08, "profit": 80.25359999999998, "orders": 8, "customers": 8, "quantity": 40.0, "discount_amt": 1156.2200000000003, "sales_before": 5375.3, "aov": 527.385, "margin_rate": 0.019021587644699786, "promo_effort": 0.21509869216601868}, {"year_month": "2016-03", "year": 2016.0, "region": "Central", "category": "Office Supplies", "sales": 916.806, "profit": -367.10979999999995, "orders": 14, "customers": 14, "quantity": 77.0, "discount_amt": 988.6740000000002, "sales_before": 1905.4800000000002, "aov": 65.48614285714287, "margin_rate": -0.40042255395361714, "promo_effort": 0.5188582404433529}, {"year_month": "2016-03", "year": 2016.0, "region": "Central", "category": "Technology", "sales": 1594.382, "profit": 338.2703, "orders": 7, "customers": 7, "quantity": 27.0, "discount_amt": 200.12799999999993, "sales_before": 1794.51, "aov": 227.76885714285714, "margin_rate": 0.21216389798680618, "promo_effort": 0.11152236543680444}, {"year_month": "2016-03", "year": 2016.0, "region": "East", "category": "Furniture", "sales": 516.547, "profit": 51.3817, "orders": 2, "customers": 2, "quantity": 11.0, "discount_amt": 93.603, "sales_before": 610.15, "aov": 258.2735, "margin_rate": 0.09947149049360465, "promo_effort": 0.1534098172580513}, {"year_month": "2016-03", "year": 2016.0, "region": "East", "category": "Office Supplies", "sales": 3993.228, "profit": 1229.5885, "orders": 15, "customers": 15, "quantity": 80.0, "discount_amt": 306.5019999999999, "sales_before": 4299.7300000000005, "aov": 266.2152, "margin_rate": 0.30791843090351967, "promo_effort": 0.0712840108564956}, {"year_month": "2016-03", "year": 2016.0, "region": "East", "category": "Technology", "sales": 1501.9660000000001, "profit": 193.03269999999998, "orders": 6, "customers": 6, "quantity": 22.0, "discount_amt": 317.54400000000004, "sales_before": 1819.51, "aov": 250.3276666666667, "margin_rate": 0.12852001976076685, "promo_effort": 0.17452171188946478}, {"year_month": "2016-03", "year": 2016.0, "region": "South", "category": "Furniture", "sales": 1204.208, "profit": 136.5803, "orders": 2, "customers": 2, "quantity": 12.0, "discount_amt": 301.052, "sales_before": 1505.26, "aov": 602.104, "margin_rate": 0.1134191933619441, "promo_effort": 0.2}, {"year_month": "2016-03", "year": 2016.0, "region": "South", "category": "Office Supplies", "sales": 8589.983, "profit": 3728.7079999999996, "orders": 14, "customers": 14, "quantity": 82.0, "discount_amt": 410.49699999999984, "sales_before": 9000.48, "aov": 613.5702142857143, "margin_rate": 0.43407629561082944, "promo_effort": 0.045608345332693354}, {"year_month": "2016-03", "year": 2016.0, "region": "South", "category": "Technology", "sales": 527.904, "profit": 117.57480000000001, "orders": 2, "customers": 2, "quantity": 12.0, "discount_amt": 131.97599999999994, "sales_before": 659.8799999999999, "aov": 263.952, "margin_rate": 0.22272004000727408, "promo_effort": 0.19999999999999996}, {"year_month": "2016-03", "year": 2016.0, "region": "West", "category": "Furniture", "sales": 6559.948, "profit": 1186.8417, "orders": 11, "customers": 11, "quantity": 48.0, "discount_amt": 274.97199999999987, "sales_before": 6834.92, "aov": 596.3589090909092, "margin_rate": 0.18092242499483227, "promo_effort": 0.04023046356065614}, {"year_month": "2016-03", "year": 2016.0, "region": "West", "category": "Office Supplies", "sales": 2382.53, "profit": 816.6615, "orders": 14, "customers": 14, "quantity": 75.0, "discount_amt": 12.569999999999997, "sales_before": 2395.1000000000004, "aov": 170.1807142857143, "margin_rate": 0.3427707101274695, "promo_effort": 0.00524821510584109}, {"year_month": "2016-03", "year": 2016.0, "region": "West", "category": "Technology", "sales": 6719.67, "profit": 2220.3145, "orders": 10, "customers": 10, "quantity": 29.0, "discount_amt": 777.5699999999998, "sales_before": 7497.24, "aov": 671.967, "margin_rate": 0.33042016944284464, "promo_effort": 0.10371416681338731}, {"year_month": "2016-04", "year": 2016.0, "region": "Central", "category": "Furniture", "sales": 1723.7830000000001, "profit": -203.6054, "orders": 6, "customers": 6, "quantity": 20.0, "discount_amt": 697.5570000000001, "sales_before": 2421.34, "aov": 287.29716666666667, "margin_rate": -0.11811544724597005, "promo_effort": 0.28808717487011326}, {"year_month": "2016-04", "year": 2016.0, "region": "Central", "category": "Office Supplies", "sales": 6692.142, "profit": 393.6366999999998, "orders": 15, "customers": 15, "quantity": 103.0, "discount_amt": 3730.7180000000008, "sales_before": 10422.86, "aov": 446.14279999999997, "margin_rate": 0.05882073333171947, "promo_effort": 0.3579361135043549}, {"year_month": "2016-04", "year": 2016.0, "region": "Central", "category": "Technology", "sales": 3226.13, "profit": 802.0295, "orders": 7, "customers": 7, "quantity": 39.0, "discount_amt": 653.8, "sales_before": 3879.93, "aov": 460.8757142857143, "margin_rate": 0.24860420999773722, "promo_effort": 0.16850819473547202}, {"year_month": "2016-04", "year": 2016.0, "region": "East", "category": "Furniture", "sales": 2476.044, "profit": 92.42269999999999, "orders": 5, "customers": 5, "quantity": 28.0, "discount_amt": 505.3259999999999, "sales_before": 2981.37, "aov": 495.2088, "margin_rate": 0.0373267599444921, "promo_effort": 0.16949456122520853}, {"year_month": "2016-04", "year": 2016.0, "region": "East", "category": "Office Supplies", "sales": 2308.0119999999997, "profit": 509.7859, "orders": 18, "customers": 18, "quantity": 109.0, "discount_amt": 387.95799999999997, "sales_before": 2695.97, "aov": 128.22288888888886, "margin_rate": 0.2208766245582779, "promo_effort": 0.14390293660537765}, {"year_month": "2016-04", "year": 2016.0, "region": "East", "category": "Technology", "sales": 2994.7400000000002, "profit": 493.06399999999996, "orders": 7, "customers": 7, "quantity": 38.0, "discount_amt": 799.0600000000001, "sales_before": 3793.8, "aov": 427.82000000000005, "margin_rate": 0.16464334132512337, "promo_effort": 0.21062259475987138}, {"year_month": "2016-04", "year": 2016.0, "region": "South", "category": "Furniture", "sales": 3959.7195, "profit": 465.10040000000004, "orders": 6, "customers": 6, "quantity": 43.0, "discount_amt": 419.41049999999996, "sales_before": 4379.13, "aov": 659.95325, "margin_rate": 0.11745791589530521, "promo_effort": 0.09577484568852716}, {"year_month": "2016-04", "year": 2016.0, "region": "South", "category": "Office Supplies", "sales": 324.55400000000003, "profit": -96.7126, "orders": 7, "customers": 7, "quantity": 12.0, "discount_amt": 399.02599999999995, "sales_before": 723.5799999999999, "aov": 46.36485714285715, "margin_rate": -0.29798615946807, "promo_effort": 0.5514607921722546}, {"year_month": "2016-04", "year": 2016.0, "region": "South", "category": "Technology", "sales": 1434.06, "profit": 398.9793, "orders": 4, "customers": 4, "quantity": 16.0, "discount_amt": 0.0, "sales_before": 1434.06, "aov": 358.515, "margin_rate": 0.27821660181582364, "promo_effort": 0.0}, {"year_month": "2016-04", "year": 2016.0, "region": "West", "category": "Furniture", "sales": 2316.152, "profit": -15.26750000000002, "orders": 6, "customers": 6, "quantity": 16.0, "discount_amt": 569.6179999999998, "sales_before": 2885.77, "aov": 386.0253333333333, "margin_rate": -0.006591752182067506, "promo_effort": 0.19738856527027443}, {"year_month": "2016-04", "year": 2016.0, "region": "West", "category": "Office Supplies", "sales": 3233.85, "profit": 670.6496, "orders": 18, "customers": 18, "quantity": 74.0, "discount_amt": 64.59999999999998, "sales_before": 3298.45, "aov": 179.65833333333333, "margin_rate": 0.2073842633393633, "promo_effort": 0.019584956570510386}, {"year_month": "2016-04", "year": 2016.0, "region": "West", "category": "Technology", "sales": 3506.022, "profit": 677.4136, "orders": 11, "customers": 11, "quantity": 45.0, "discount_amt": 685.6879999999999, "sales_before": 4191.71, "aov": 318.7292727272727, "margin_rate": 0.1932143038463535, "promo_effort": 0.16358192718484815}, {"year_month": "2016-05", "year": 2016.0, "region": "Central", "category": "Furniture", "sales": 3920.219, "profit": 486.2481, "orders": 9, "customers": 9, "quantity": 48.0, "discount_amt": 596.841, "sales_before": 4517.06, "aov": 435.5798888888889, "margin_rate": 0.12403595309343687, "promo_effort": 0.1321304122593014}, {"year_month": "2016-05", "year": 2016.0, "region": "Central", "category": "Office Supplies", "sales": 1771.934, "profit": 196.8765, "orders": 15, "customers": 14, "quantity": 90.0, "discount_amt": 752.8760000000002, "sales_before": 2524.8100000000004, "aov": 118.12893333333334, "margin_rate": 0.11110825798252079, "promo_effort": 0.2981911510173043}, {"year_month": "2016-05", "year": 2016.0, "region": "Central", "category": "Technology", "sales": 2931.75, "profit": 280.8051, "orders": 7, "customers": 7, "quantity": 25.0, "discount_amt": 804.9200000000001, "sales_before": 3736.67, "aov": 418.82142857142856, "margin_rate": 0.09578071117932975, "promo_effort": 0.21541104780459608}, {"year_month": "2016-05", "year": 2016.0, "region": "East", "category": "Furniture", "sales": 1475.578, "profit": -48.71099999999999, "orders": 7, "customers": 7, "quantity": 34.0, "discount_amt": 524.3220000000001, "sales_before": 1999.9, "aov": 210.79685714285714, "margin_rate": -0.033011470759255014, "promo_effort": 0.26217410870543534}, {"year_month": "2016-05", "year": 2016.0, "region": "East", "category": "Office Supplies", "sales": 2763.54, "profit": 648.0109, "orders": 17, "customers": 17, "quantity": 125.0, "discount_amt": 333.3399999999999, "sales_before": 3096.88, "aov": 162.56117647058824, "margin_rate": 0.23448580443923372, "promo_effort": 0.10763736405672804}, {"year_month": "2016-05", "year": 2016.0, "region": "East", "category": "Technology", "sales": 3242.306, "profit": 1034.2376, "orders": 4, "customers": 4, "quantity": 17.0, "discount_amt": 706.8739999999999, "sales_before": 3949.18, "aov": 810.5765, "margin_rate": 0.318982107179273, "promo_effort": 0.1789926009956497}, {"year_month": "2016-05", "year": 2016.0, "region": "South", "category": "Furniture", "sales": 226.688, "profit": 34.6912, "orders": 2, "customers": 2, "quantity": 7.0, "discount_amt": 56.67199999999999, "sales_before": 283.36, "aov": 113.344, "margin_rate": 0.1530350084697911, "promo_effort": 0.19999999999999996}, {"year_month": "2016-05", "year": 2016.0, "region": "South", "category": "Office Supplies", "sales": 714.104, "profit": 217.3306, "orders": 8, "customers": 8, "quantity": 34.0, "discount_amt": 117.09599999999996, "sales_before": 831.2, "aov": 89.263, "margin_rate": 0.3043402641632031, "promo_effort": 0.1408758421559191}, {"year_month": "2016-05", "year": 2016.0, "region": "South", "category": "Technology", "sales": 1042.912, "profit": 177.2296, "orders": 4, "customers": 4, "quantity": 19.0, "discount_amt": 222.73799999999991, "sales_before": 1265.6499999999999, "aov": 260.728, "margin_rate": 0.16993725261575282, "promo_effort": 0.17598704223126452}, {"year_month": "2016-05", "year": 2016.0, "region": "West", "category": "Furniture", "sales": 3752.4655, "profit": 428.3564, "orders": 6, "customers": 6, "quantity": 37.0, "discount_amt": 342.96450000000004, "sales_before": 4095.43, "aov": 625.4109166666666, "margin_rate": 0.1141533213296698, "promo_effort": 0.08374322110254602}, {"year_month": "2016-05", "year": 2016.0, "region": "West", "category": "Office Supplies", "sales": 3864.158, "profit": 669.3959, "orders": 16, "customers": 16, "quantity": 113.0, "discount_amt": 374.8319999999999, "sales_before": 4238.99, "aov": 241.509875, "margin_rate": 0.17323202105089905, "promo_effort": 0.08842483704844784}, {"year_month": "2016-05", "year": 2016.0, "region": "West", "category": "Technology", "sales": 4426.032, "profit": 543.3981, "orders": 5, "customers": 5, "quantity": 26.0, "discount_amt": 1021.5179999999998, "sales_before": 5447.55, "aov": 885.2064, "margin_rate": 0.12277319730178182, "promo_effort": 0.18751879285183243}, {"year_month": "2016-06", "year": 2016.0, "region": "Central", "category": "Furniture", "sales": 1069.181, "profit": -571.7475, "orders": 3, "customers": 3, "quantity": 18.0, "discount_amt": 994.0889999999999, "sales_before": 2063.27, "aov": 356.39366666666666, "margin_rate": -0.534752768708011, "promo_effort": 0.48180267245682823}, {"year_month": "2016-06", "year": 2016.0, "region": "Central", "category": "Office Supplies", "sales": 1015.99, "profit": -136.42349999999996, "orders": 10, "customers": 10, "quantity": 59.0, "discount_amt": 717.4500000000002, "sales_before": 1733.44, "aov": 101.599, "margin_rate": -0.13427642004350432, "promo_effort": 0.413887991508215}, {"year_month": "2016-06", "year": 2016.0, "region": "Central", "category": "Technology", "sales": 1628.016, "profit": 287.499, "orders": 5, "customers": 5, "quantity": 14.0, "discount_amt": 243.5639999999999, "sales_before": 1871.58, "aov": 325.6032, "margin_rate": 0.17659470177197276, "promo_effort": 0.13013817202577496}, {"year_month": "2016-06", "year": 2016.0, "region": "East", "category": "Furniture", "sales": 2273.212, "profit": -183.0103, "orders": 7, "customers": 7, "quantity": 28.0, "discount_amt": 693.838, "sales_before": 2967.0499999999997, "aov": 324.7445714285714, "margin_rate": -0.08050736138996276, "promo_effort": 0.2338477612443336}, {"year_month": "2016-06", "year": 2016.0, "region": "East", "category": "Office Supplies", "sales": 4647.832, "profit": 1672.3294, "orders": 14, "customers": 14, "quantity": 63.0, "discount_amt": 1169.2579999999998, "sales_before": 5817.09, "aov": 331.988, "margin_rate": 0.3598084870537489, "promo_effort": 0.20100393839531447}, {"year_month": "2016-06", "year": 2016.0, "region": "East", "category": "Technology", "sales": 521.944, "profit": 140.44600000000003, "orders": 3, "customers": 3, "quantity": 6.0, "discount_amt": 79.99599999999998, "sales_before": 601.94, "aov": 173.9813333333333, "margin_rate": 0.26908250693561003, "promo_effort": 0.1328969664750639}, {"year_month": "2016-06", "year": 2016.0, "region": "South", "category": "Furniture", "sales": 2439.296, "profit": 45.89170000000001, "orders": 7, "customers": 7, "quantity": 30.0, "discount_amt": 497.23400000000004, "sales_before": 2936.5299999999997, "aov": 348.47085714285714, "margin_rate": 0.018813501928425257, "promo_effort": 0.1693270628939599}, {"year_month": "2016-06", "year": 2016.0, "region": "South", "category": "Office Supplies", "sales": 4118.415, "profit": 498.3514, "orders": 13, "customers": 13, "quantity": 121.0, "discount_amt": 1099.2149999999997, "sales_before": 5217.63, "aov": 316.80115384615385, "margin_rate": 0.12100562959293806, "promo_effort": 0.21067323669942095}, {"year_month": "2016-06", "year": 2016.0, "region": "South", "category": "Technology", "sales": 1994.4560000000001, "profit": 547.8749, "orders": 9, "customers": 9, "quantity": 28.0, "discount_amt": 124.45399999999995, "sales_before": 2118.91, "aov": 221.60622222222224, "margin_rate": 0.2746989153934707, "promo_effort": 0.0587349155933947}, {"year_month": "2016-06", "year": 2016.0, "region": "West", "category": "Furniture", "sales": 1932.49, "profit": 296.20640000000003, "orders": 7, "customers": 7, "quantity": 36.0, "discount_amt": 275.5199999999999, "sales_before": 2208.0099999999998, "aov": 276.07, "margin_rate": 0.1532770674104394, "promo_effort": 0.1247820435595853}, {"year_month": "2016-06", "year": 2016.0, "region": "West", "category": "Office Supplies", "sales": 865.51, "profit": 161.1291, "orders": 12, "customers": 12, "quantity": 53.0, "discount_amt": 92.61999999999998, "sales_before": 958.13, "aov": 72.12583333333333, "margin_rate": 0.1861666531871382, "promo_effort": 0.0966674668364418}, {"year_month": "2016-06", "year": 2016.0, "region": "West", "category": "Technology", "sales": 2290.9500000000003, "profit": 577.0106, "orders": 7, "customers": 7, "quantity": 30.0, "discount_amt": 295.24999999999994, "sales_before": 2586.2, "aov": 327.27857142857147, "margin_rate": 0.2518652087561928, "promo_effort": 0.1141636377697007}, {"year_month": "2016-07", "year": 2016.0, "region": "Central", "category": "Furniture", "sales": 2636.159, "profit": -245.95589999999999, "orders": 4, "customers": 4, "quantity": 33.0, "discount_amt": 1071.2910000000004, "sales_before": 3707.4500000000003, "aov": 659.03975, "margin_rate": -0.09330085931842502, "promo_effort": 0.28895629071194495}, {"year_month": "2016-07", "year": 2016.0, "region": "Central", "category": "Office Supplies", "sales": 1232.304, "profit": -23.501699999999992, "orders": 12, "customers": 12, "quantity": 76.0, "discount_amt": 667.6160000000001, "sales_before": 1899.92, "aov": 102.69200000000001, "margin_rate": -0.01907134927745101, "promo_effort": 0.3513916375426334}, {"year_month": "2016-07", "year": 2016.0, "region": "Central", "category": "Technology", "sales": 3737.1040000000003, "profit": 574.721, "orders": 5, "customers": 5, "quantity": 28.0, "discount_amt": 451.4859999999998, "sales_before": 4188.59, "aov": 747.4208000000001, "margin_rate": 0.15378779932268408, "promo_effort": 0.10778949479419084}, {"year_month": "2016-07", "year": 2016.0, "region": "East", "category": "Furniture", "sales": 5270.522, "profit": 234.64139999999998, "orders": 11, "customers": 11, "quantity": 66.0, "discount_amt": 1365.368, "sales_before": 6635.89, "aov": 479.13836363636364, "margin_rate": 0.04451957510091031, "promo_effort": 0.2057550682726808}, {"year_month": "2016-07", "year": 2016.0, "region": "East", "category": "Office Supplies", "sales": 1945.9, "profit": 677.7451, "orders": 20, "customers": 20, "quantity": 119.0, "discount_amt": 102.90999999999998, "sales_before": 2048.81, "aov": 97.295, "margin_rate": 0.348293899994861, "promo_effort": 0.05022915741332773}, {"year_month": "2016-07", "year": 2016.0, "region": "East", "category": "Technology", "sales": 4656.242, "profit": 1438.5976, "orders": 8, "customers": 8, "quantity": 34.0, "discount_amt": 188.68800000000005, "sales_before": 4844.93, "aov": 582.03025, "margin_rate": 0.3089610892217372, "promo_effort": 0.038945454320289466}, {"year_month": "2016-07", "year": 2016.0, "region": "South", "category": "Furniture", "sales": 852.116, "profit": 103.7154, "orders": 7, "customers": 7, "quantity": 25.0, "discount_amt": 100.40399999999997, "sales_before": 952.52, "aov": 121.73085714285715, "margin_rate": 0.12171511859887621, "promo_effort": 0.10540881031369417}, {"year_month": "2016-07", "year": 2016.0, "region": "South", "category": "Office Supplies", "sales": 721.3820000000001, "profit": 325.9483, "orders": 9, "customers": 9, "quantity": 54.0, "discount_amt": 37.077999999999996, "sales_before": 758.46, "aov": 80.15355555555556, "margin_rate": 0.4518386929532481, "promo_effort": 0.04888590037707986}, {"year_month": "2016-07", "year": 2016.0, "region": "South", "category": "Technology", "sales": 623.77, "profit": 178.4875, "orders": 4, "customers": 4, "quantity": 24.0, "discount_amt": 18.559999999999988, "sales_before": 642.3299999999999, "aov": 155.9425, "margin_rate": 0.2861431296792087, "promo_effort": 0.028894804851088987}, {"year_month": "2016-07", "year": 2016.0, "region": "West", "category": "Furniture", "sales": 4915.623, "profit": -417.49469999999997, "orders": 8, "customers": 8, "quantity": 38.0, "discount_amt": 1598.0369999999998, "sales_before": 6513.66, "aov": 614.452875, "margin_rate": -0.08493220493109419, "promo_effort": 0.24533626256206187}, {"year_month": "2016-07", "year": 2016.0, "region": "West", "category": "Office Supplies", "sales": 820.353, "profit": 133.5912, "orders": 10, "customers": 9, "quantity": 44.0, "discount_amt": 136.46699999999996, "sales_before": 956.8199999999999, "aov": 82.03529999999999, "margin_rate": 0.16284599434633626, "promo_effort": 0.14262557220793876}, {"year_month": "2016-07", "year": 2016.0, "region": "West", "category": "Technology", "sales": 1353.8500000000001, "profit": 308.1531, "orders": 3, "customers": 3, "quantity": 16.0, "discount_amt": 155.99, "sales_before": 1509.8400000000001, "aov": 451.28333333333336, "margin_rate": 0.22761243860102667, "promo_effort": 0.1033155831081439}, {"year_month": "2016-08", "year": 2016.0, "region": "Central", "category": "Furniture", "sales": 2956.9992, "profit": -61.245599999999996, "orders": 8, "customers": 8, "quantity": 34.0, "discount_amt": 675.9708, "sales_before": 3632.9700000000003, "aov": 369.6249, "margin_rate": -0.020712078650545456, "promo_effort": 0.1860656157358855}, {"year_month": "2016-08", "year": 2016.0, "region": "Central", "category": "Office Supplies", "sales": 2198.032, "profit": 88.2544, "orders": 12, "customers": 12, "quantity": 92.0, "discount_amt": 573.1579999999999, "sales_before": 2771.19, "aov": 183.16933333333336, "margin_rate": 0.04015155375353953, "promo_effort": 0.20682739184249363}, {"year_month": "2016-08", "year": 2016.0, "region": "Central", "category": "Technology", "sales": 4146.42, "profit": 1004.5711, "orders": 3, "customers": 3, "quantity": 19.0, "discount_amt": 974.9799999999998, "sales_before": 5121.4, "aov": 1382.14, "margin_rate": 0.24227432339222751, "promo_effort": 0.1903737259343148}, {"year_month": "2016-08", "year": 2016.0, "region": "East", "category": "Furniture", "sales": 2036.5439999999999, "profit": -434.7265, "orders": 8, "customers": 8, "quantity": 33.0, "discount_amt": 1072.8160000000003, "sales_before": 3109.36, "aov": 254.56799999999998, "margin_rate": -0.21346285668269382, "promo_effort": 0.34502791571255825}, {"year_month": "2016-08", "year": 2016.0, "region": "East", "category": "Office Supplies", "sales": 4719.0, "profit": 895.7954, "orders": 17, "customers": 17, "quantity": 117.0, "discount_amt": 1032.7399999999996, "sales_before": 5751.74, "aov": 277.5882352941176, "margin_rate": 0.18982737868192412, "promo_effort": 0.17955262233689276}, {"year_month": "2016-08", "year": 2016.0, "region": "East", "category": "Technology", "sales": 2708.228, "profit": 451.01800000000003, "orders": 8, "customers": 8, "quantity": 35.0, "discount_amt": 377.742, "sales_before": 3085.9700000000003, "aov": 338.5285, "margin_rate": 0.1665362000540575, "promo_effort": 0.12240624503802694}, {"year_month": "2016-08", "year": 2016.0, "region": "South", "category": "Furniture", "sales": 46.152, "profit": 12.1149, "orders": 1, "customers": 1, "quantity": 3.0, "discount_amt": 11.537999999999997, "sales_before": 57.69, "aov": 46.152, "margin_rate": 0.2625, "promo_effort": 0.19999999999999996}, {"year_month": "2016-08", "year": 2016.0, "region": "South", "category": "Office Supplies", "sales": 1043.788, "profit": 359.0004, "orders": 6, "customers": 6, "quantity": 50.0, "discount_amt": 17.322000000000003, "sales_before": 1061.1100000000001, "aov": 173.96466666666666, "margin_rate": 0.34393995715605086, "promo_effort": 0.016324414999387433}, {"year_month": "2016-08", "year": 2016.0, "region": "South", "category": "Technology", "sales": 4494.8099999999995, "profit": 1802.056, "orders": 3, "customers": 3, "quantity": 26.0, "discount_amt": 0.0, "sales_before": 4494.8099999999995, "aov": 1498.2699999999998, "margin_rate": 0.4009192824613277, "promo_effort": 0.0}, {"year_month": "2016-08", "year": 2016.0, "region": "West", "category": "Furniture", "sales": 4598.897, "profit": -3.61369999999998, "orders": 10, "customers": 10, "quantity": 42.0, "discount_amt": 1142.943, "sales_before": 5741.84, "aov": 459.8897, "margin_rate": -0.0007857753717902315, "promo_effort": 0.19905518091761526}, {"year_month": "2016-08", "year": 2016.0, "region": "West", "category": "Office Supplies", "sales": 3774.288, "profit": 865.7029, "orders": 21, "customers": 21, "quantity": 111.0, "discount_amt": 183.49199999999996, "sales_before": 3957.78, "aov": 179.728, "margin_rate": 0.22936853255501435, "promo_effort": 0.04636235465336627}, {"year_month": "2016-08", "year": 2016.0, "region": "West", "category": "Technology", "sales": 4175.174, "profit": 376.8811, "orders": 7, "customers": 7, "quantity": 36.0, "discount_amt": 1034.6659999999995, "sales_before": 5209.84, "aov": 596.4534285714286, "margin_rate": 0.09026716012314696, "promo_effort": 0.19859842144864323}, {"year_month": "2016-09", "year": 2016.0, "region": "Central", "category": "Furniture", "sales": 3573.406, "profit": 781.1246, "orders": 10, "customers": 10, "quantity": 39.0, "discount_amt": 247.074, "sales_before": 3820.48, "aov": 357.3406, "margin_rate": 0.2185938569532821, "promo_effort": 0.06467093140128989}, {"year_month": "2016-09", "year": 2016.0, "region": "Central", "category": "Office Supplies", "sales": 636.894, "profit": 19.2639, "orders": 15, "customers": 15, "quantity": 75.0, "discount_amt": 240.60600000000005, "sales_before": 877.5000000000001, "aov": 42.4596, "margin_rate": 0.0302466344478045, "promo_effort": 0.27419487179487184}, {"year_month": "2016-09", "year": 2016.0, "region": "Central", "category": "Technology", "sales": 3368.2200000000003, "profit": 762.953, "orders": 5, "customers": 5, "quantity": 30.0, "discount_amt": 586.5799999999999, "sales_before": 3954.8, "aov": 673.644, "margin_rate": 0.2265151920005225, "promo_effort": 0.14832102761201577}, {"year_month": "2016-09", "year": 2016.0, "region": "East", "category": "Furniture", "sales": 12308.457999999999, "profit": -1340.5065000000002, "orders": 14, "customers": 14, "quantity": 50.0, "discount_amt": 5316.561999999999, "sales_before": 17625.02, "aov": 879.1755714285713, "margin_rate": -0.10890937760034607, "promo_effort": 0.3016485655051738}, {"year_month": "2016-09", "year": 2016.0, "region": "East", "category": "Office Supplies", "sales": 7584.227, "profit": 1410.74, "orders": 36, "customers": 35, "quantity": 248.0, "discount_amt": 750.0029999999998, "sales_before": 8334.23, "aov": 210.67297222222223, "margin_rate": 0.18600972782064673, "promo_effort": 0.08999067700315444}, {"year_month": "2016-09", "year": 2016.0, "region": "East", "category": "Technology", "sales": 9548.302, "profit": 2441.5475, "orders": 19, "customers": 19, "quantity": 89.0, "discount_amt": 1053.058, "sales_before": 10601.36, "aov": 502.5422105263158, "margin_rate": 0.2557048886807309, "promo_effort": 0.09933234981172226}, {"year_month": "2016-09", "year": 2016.0, "region": "South", "category": "Furniture", "sales": 4553.21, "profit": 1156.2638, "orders": 10, "customers": 10, "quantity": 44.0, "discount_amt": 17.919999999999987, "sales_before": 4571.13, "aov": 455.321, "margin_rate": 0.25394475545823714, "promo_effort": 0.003920256041722722}, {"year_month": "2016-09", "year": 2016.0, "region": "South", "category": "Office Supplies", "sales": 4958.148999999999, "profit": -542.4739000000001, "orders": 17, "customers": 17, "quantity": 124.0, "discount_amt": 3633.920999999999, "sales_before": 8592.07, "aov": 291.65582352941175, "margin_rate": -0.10941056833911206, "promo_effort": 0.4229389425365481}, {"year_month": "2016-09", "year": 2016.0, "region": "South", "category": "Technology", "sales": 4166.128000000001, "profit": 1069.0327, "orders": 7, "customers": 7, "quantity": 44.0, "discount_amt": 201.07199999999997, "sales_before": 4367.2, "aov": 595.161142857143, "margin_rate": 0.256601021380044, "promo_effort": 0.04604139952372229}, {"year_month": "2016-09", "year": 2016.0, "region": "West", "category": "Furniture", "sales": 5837.9490000000005, "profit": 753.2366, "orders": 16, "customers": 15, "quantity": 72.0, "discount_amt": 671.5509999999998, "sales_before": 6509.5, "aov": 364.87181250000003, "margin_rate": 0.12902418297933058, "promo_effort": 0.10316475919809506}, {"year_month": "2016-09", "year": 2016.0, "region": "West", "category": "Office Supplies", "sales": 6126.496999999999, "profit": 1150.3537, "orders": 38, "customers": 36, "quantity": 238.0, "discount_amt": 650.4529999999999, "sales_before": 6776.95, "aov": 161.22360526315788, "margin_rate": 0.18776695720246006, "promo_effort": 0.09598019758150789}, {"year_month": "2016-09", "year": 2016.0, "region": "West", "category": "Technology", "sales": 1934.478, "profit": 547.6273, "orders": 10, "customers": 10, "quantity": 33.0, "discount_amt": 389.71199999999993, "sales_before": 2324.19, "aov": 193.4478, "margin_rate": 0.28308789244437, "promo_effort": 0.16767648083848563}, {"year_month": "2016-10", "year": 2016.0, "region": "Central", "category": "Furniture", "sales": 3412.057, "profit": -544.9026, "orders": 6, "customers": 6, "quantity": 26.0, "discount_amt": 1506.5730000000003, "sales_before": 4918.63, "aov": 568.6761666666666, "margin_rate": -0.15969914922288814, "promo_effort": 0.3062993150531754}, {"year_month": "2016-10", "year": 2016.0, "region": "Central", "category": "Office Supplies", "sales": 719.125, "profit": -47.08639999999999, "orders": 17, "customers": 17, "quantity": 84.0, "discount_amt": 456.04500000000013, "sales_before": 1175.17, "aov": 42.3014705882353, "margin_rate": -0.06547735094733181, "promo_effort": 0.38806725835411054}, {"year_month": "2016-10", "year": 2016.0, "region": "Central", "category": "Technology", "sales": 2869.304, "profit": 640.6478, "orders": 10, "customers": 10, "quantity": 42.0, "discount_amt": 342.66599999999977, "sales_before": 3211.97, "aov": 286.9304, "margin_rate": 0.22327637643135756, "promo_effort": 0.10668405993829326}, {"year_month": "2016-10", "year": 2016.0, "region": "East", "category": "Furniture", "sales": 2126.692, "profit": 211.9552, "orders": 5, "customers": 5, "quantity": 17.0, "discount_amt": 572.8779999999998, "sales_before": 2699.5699999999997, "aov": 425.3384, "margin_rate": 0.09966426732220744, "promo_effort": 0.21221083357719928}, {"year_month": "2016-10", "year": 2016.0, "region": "East", "category": "Office Supplies", "sales": 604.904, "profit": 220.69299999999998, "orders": 13, "customers": 13, "quantity": 65.0, "discount_amt": 83.76599999999998, "sales_before": 688.67, "aov": 46.531076923076924, "margin_rate": 0.36483971010276006, "promo_effort": 0.12163445481870849}, {"year_month": "2016-10", "year": 2016.0, "region": "East", "category": "Technology", "sales": 3570.434, "profit": 1027.6605, "orders": 11, "customers": 11, "quantity": 33.0, "discount_amt": 103.256, "sales_before": 3673.69, "aov": 324.5849090909091, "margin_rate": 0.28782509353204677, "promo_effort": 0.028106889802895725}, {"year_month": "2016-10", "year": 2016.0, "region": "South", "category": "Furniture", "sales": 1695.6675, "profit": -239.99290000000002, "orders": 4, "customers": 4, "quantity": 23.0, "discount_amt": 783.4724999999997, "sales_before": 2479.14, "aov": 423.916875, "margin_rate": -0.14153299511844156, "promo_effort": 0.31602592027880627}, {"year_month": "2016-10", "year": 2016.0, "region": "South", "category": "Office Supplies", "sales": 2238.572, "profit": -241.24559999999997, "orders": 10, "customers": 10, "quantity": 43.0, "discount_amt": 518.2579999999999, "sales_before": 2756.83, "aov": 223.8572, "margin_rate": -0.10776763043583139, "promo_effort": 0.18799055436860448}, {"year_month": "2016-10", "year": 2016.0, "region": "South", "category": "Technology", "sales": 151.488, "profit": 11.1895, "orders": 2, "customers": 2, "quantity": 16.0, "discount_amt": 16.94199999999999, "sales_before": 168.42999999999998, "aov": 75.744, "margin_rate": 0.073863936417406, "promo_effort": 0.10058778127411977}, {"year_month": "2016-10", "year": 2016.0, "region": "West", "category": "Furniture", "sales": 4792.207, "profit": -32.575999999999986, "orders": 14, "customers": 14, "quantity": 74.0, "discount_amt": 1234.2829999999994, "sales_before": 6026.49, "aov": 342.3005, "margin_rate": -0.006797703020758491, "promo_effort": 0.20480959895395157}, {"year_month": "2016-10", "year": 2016.0, "region": "West", "category": "Office Supplies", "sales": 5110.809, "profit": 1158.5765000000001, "orders": 22, "customers": 22, "quantity": 163.0, "discount_amt": 512.2909999999999, "sales_before": 5623.1, "aov": 232.3095, "margin_rate": 0.2266914103031438, "promo_effort": 0.0911047287083637}, {"year_month": "2016-10", "year": 2016.0, "region": "West", "category": "Technology", "sales": 4113.664, "profit": 652.447, "orders": 11, "customers": 11, "quantity": 45.0, "discount_amt": 984.3559999999995, "sales_before": 5098.0199999999995, "aov": 373.96945454545454, "margin_rate": 0.15860483500840128, "promo_effort": 0.19308594317009342}, {"year_month": "2016-11", "year": 2016.0, "region": "Central", "category": "Furniture", "sales": 6187.756, "profit": 619.9781, "orders": 14, "customers": 14, "quantity": 75.0, "discount_amt": 915.0440000000001, "sales_before": 7102.8, "aov": 441.9825714285715, "margin_rate": 0.10019433539396189, "promo_effort": 0.12882863096243735}, {"year_month": "2016-11", "year": 2016.0, "region": "Central", "category": "Office Supplies", "sales": 7283.898, "profit": 1249.4741, "orders": 29, "customers": 29, "quantity": 215.0, "discount_amt": 1443.872, "sales_before": 8727.77, "aov": 251.16889655172415, "margin_rate": 0.1715392088137423, "promo_effort": 0.16543424036151275}, {"year_month": "2016-11", "year": 2016.0, "region": "Central", "category": "Technology", "sales": 5431.432, "profit": 1392.1486, "orders": 14, "customers": 14, "quantity": 42.0, "discount_amt": 942.238, "sales_before": 6373.67, "aov": 387.95942857142853, "margin_rate": 0.25631336266384264, "promo_effort": 0.1478328812128648}, {"year_month": "2016-11", "year": 2016.0, "region": "East", "category": "Furniture", "sales": 15101.173999999999, "profit": 1924.9011, "orders": 21, "customers": 21, "quantity": 109.0, "discount_amt": 2182.376, "sales_before": 17283.55, "aov": 719.1035238095237, "margin_rate": 0.12746698369279105, "promo_effort": 0.1262689667342647}, {"year_month": "2016-11", "year": 2016.0, "region": "East", "category": "Office Supplies", "sales": 6020.091, "profit": 1212.6613, "orders": 37, "customers": 36, "quantity": 246.0, "discount_amt": 1023.7089999999997, "sales_before": 7043.8, "aov": 162.70516216216217, "margin_rate": 0.2014357091944291, "promo_effort": 0.145334762486158}, {"year_month": "2016-11", "year": 2016.0, "region": "East", "category": "Technology", "sales": 13603.496000000001, "profit": 4724.7536, "orders": 16, "customers": 16, "quantity": 72.0, "discount_amt": 657.2640000000001, "sales_before": 14260.76, "aov": 850.2185000000001, "margin_rate": 0.34731907150926494, "promo_effort": 0.04608898824466579}, {"year_month": "2016-11", "year": 2016.0, "region": "South", "category": "Furniture", "sales": 3139.5175, "profit": 100.5546, "orders": 12, "customers": 12, "quantity": 41.0, "discount_amt": 866.0924999999996, "sales_before": 4005.6099999999997, "aov": 261.62645833333335, "margin_rate": 0.032028679566207224, "promo_effort": 0.21621987662303613}, {"year_month": "2016-11", "year": 2016.0, "region": "South", "category": "Office Supplies", "sales": 3922.91, "profit": -584.2984000000001, "orders": 16, "customers": 16, "quantity": 126.0, "discount_amt": 3965.369999999999, "sales_before": 7888.279999999999, "aov": 245.181875, "margin_rate": -0.1489451453130457, "promo_effort": 0.5026913344860983}, {"year_month": "2016-11", "year": 2016.0, "region": "South", "category": "Technology", "sales": 733.393, "profit": 84.4294, "orders": 6, "customers": 6, "quantity": 20.0, "discount_amt": 151.53699999999998, "sales_before": 884.93, "aov": 122.23216666666667, "margin_rate": 0.11512163328529179, "promo_effort": 0.17124179313618024}, {"year_month": "2016-11", "year": 2016.0, "region": "West", "category": "Furniture", "sales": 6452.385, "profit": 346.5902, "orders": 20, "customers": 20, "quantity": 85.0, "discount_amt": 1433.0849999999996, "sales_before": 7885.469999999999, "aov": 322.61925, "margin_rate": 0.05371505265107398, "promo_effort": 0.1817374233875723}, {"year_month": "2016-11", "year": 2016.0, "region": "West", "category": "Office Supplies", "sales": 3991.231, "profit": 922.1919, "orders": 32, "customers": 32, "quantity": 212.0, "discount_amt": 380.12899999999985, "sales_before": 4371.36, "aov": 124.72596875, "margin_rate": 0.23105450423691337, "promo_effort": 0.08695897844149186}, {"year_month": "2016-11", "year": 2016.0, "region": "West", "category": "Technology", "sales": 4105.28, "profit": 481.4039, "orders": 15, "customers": 15, "quantity": 67.0, "discount_amt": 714.9199999999998, "sales_before": 4820.2, "aov": 273.6853333333333, "margin_rate": 0.11726457147868112, "promo_effort": 0.1483174971992863}, {"year_month": "2016-12", "year": 2016.0, "region": "Central", "category": "Furniture", "sales": 3861.9991999999997, "profit": 203.10590000000002, "orders": 11, "customers": 11, "quantity": 50.0, "discount_amt": 785.3208000000002, "sales_before": 4647.32, "aov": 351.09083636363636, "margin_rate": 0.052590870552225916, "promo_effort": 0.16898358623895068}, {"year_month": "2016-12", "year": 2016.0, "region": "Central", "category": "Office Supplies", "sales": 2030.126, "profit": 428.15070000000003, "orders": 26, "customers": 26, "quantity": 128.0, "discount_amt": 517.824, "sales_before": 2547.95, "aov": 78.08176923076923, "margin_rate": 0.2108985846198709, "promo_effort": 0.20323161757491318}, {"year_month": "2016-12", "year": 2016.0, "region": "Central", "category": "Technology", "sales": 10845.476, "profit": 3560.2396, "orders": 15, "customers": 15, "quantity": 69.0, "discount_amt": 1189.8539999999998, "sales_before": 12035.33, "aov": 723.0317333333334, "margin_rate": 0.3282695568179764, "promo_effort": 0.09886342958606036}, {"year_month": "2016-12", "year": 2016.0, "region": "East", "category": "Furniture", "sales": 6442.579, "profit": -219.2494, "orders": 15, "customers": 15, "quantity": 67.0, "discount_amt": 2205.301, "sales_before": 8647.88, "aov": 429.50526666666667, "margin_rate": -0.03403130951129975, "promo_effort": 0.255010592191381}, {"year_month": "2016-12", "year": 2016.0, "region": "East", "category": "Office Supplies", "sales": 4267.353999999999, "profit": 977.9861, "orders": 33, "customers": 30, "quantity": 196.0, "discount_amt": 722.7859999999998, "sales_before": 4990.139999999999, "aov": 129.31375757575756, "margin_rate": 0.22917857295176358, "promo_effort": 0.14484283006088003}, {"year_month": "2016-12", "year": 2016.0, "region": "East", "category": "Technology", "sales": 13968.834, "profit": -770.9780000000001, "orders": 17, "customers": 17, "quantity": 67.0, "discount_amt": 7584.865999999998, "sales_before": 21553.699999999997, "aov": 821.6961176470588, "margin_rate": -0.055192724031225514, "promo_effort": 0.35190551970195366}, {"year_month": "2016-12", "year": 2016.0, "region": "South", "category": "Furniture", "sales": 946.1120000000001, "profit": 171.2338, "orders": 7, "customers": 7, "quantity": 27.0, "discount_amt": 95.03799999999998, "sales_before": 1041.15, "aov": 135.15885714285716, "margin_rate": 0.1809868176283569, "promo_effort": 0.0912817557508524}, {"year_month": "2016-12", "year": 2016.0, "region": "South", "category": "Office Supplies", "sales": 3570.208, "profit": -406.54260000000016, "orders": 20, "customers": 19, "quantity": 112.0, "discount_amt": 4052.3019999999988, "sales_before": 7622.509999999999, "aov": 178.5104, "margin_rate": -0.1138708444998163, "promo_effort": 0.5316230480511012}, {"year_month": "2016-12", "year": 2016.0, "region": "South", "category": "Technology", "sales": 803.96, "profit": 110.0329, "orders": 7, "customers": 7, "quantity": 36.0, "discount_amt": 132.01999999999995, "sales_before": 935.98, "aov": 114.85142857142857, "margin_rate": 0.13686364993283248, "promo_effort": 0.1410500224363768}, {"year_month": "2016-12", "year": 2016.0, "region": "West", "category": "Furniture", "sales": 11835.128999999999, "profit": 273.7238, "orders": 19, "customers": 19, "quantity": 113.0, "discount_amt": 3598.1509999999994, "sales_before": 15433.279999999999, "aov": 622.9015263157894, "margin_rate": 0.02312807912782362, "promo_effort": 0.23314233915279187}, {"year_month": "2016-12", "year": 2016.0, "region": "West", "category": "Office Supplies", "sales": 6333.986, "profit": 1632.3467, "orders": 46, "customers": 46, "quantity": 248.0, "discount_amt": 465.70399999999984, "sales_before": 6799.69, "aov": 137.69534782608696, "margin_rate": 0.2577123946911155, "promo_effort": 0.0684890046458}, {"year_month": "2016-12", "year": 2016.0, "region": "West", "category": "Technology", "sales": 10013.758, "profit": 2056.9164, "orders": 18, "customers": 18, "quantity": 90.0, "discount_amt": 1707.6119999999996, "sales_before": 11721.369999999999, "aov": 556.3198888888888, "margin_rate": 0.20540903824518228, "promo_effort": 0.1456836530200821}, {"year_month": "2017-01", "year": 2017.0, "region": "Central", "category": "Furniture", "sales": 3807.906, "profit": 208.14870000000002, "orders": 4, "customers": 4, "quantity": 19.0, "discount_amt": 660.714, "sales_before": 4468.62, "aov": 951.9765, "margin_rate": 0.05466224743993156, "promo_effort": 0.14785638519274408}, {"year_month": "2017-01", "year": 2017.0, "region": "Central", "category": "Office Supplies", "sales": 317.642, "profit": 119.84909999999999, "orders": 6, "customers": 6, "quantity": 24.0, "discount_amt": 56.40799999999999, "sales_before": 374.04999999999995, "aov": 52.940333333333335, "margin_rate": 0.3773087312131267, "promo_effort": 0.15080336853361848}, {"year_month": "2017-01", "year": 2017.0, "region": "Central", "category": "Technology", "sales": 1816.6080000000002, "profit": 146.09480000000002, "orders": 2, "customers": 2, "quantity": 14.0, "discount_amt": 454.15199999999993, "sales_before": 2270.76, "aov": 908.3040000000001, "margin_rate": 0.08042175306945692, "promo_effort": 0.19999999999999996}, {"year_month": "2017-01", "year": 2017.0, "region": "East", "category": "Furniture", "sales": 1108.1889999999999, "profit": 8.401700000000012, "orders": 6, "customers": 6, "quantity": 27.0, "discount_amt": 304.60100000000006, "sales_before": 1412.79, "aov": 184.69816666666665, "margin_rate": 0.007581468504018731, "promo_effort": 0.21560246037981587}, {"year_month": "2017-01", "year": 2017.0, "region": "East", "category": "Office Supplies", "sales": 2581.868, "profit": 522.6649, "orders": 11, "customers": 11, "quantity": 86.0, "discount_amt": 294.65199999999993, "sales_before": 2876.52, "aov": 234.71527272727272, "margin_rate": 0.20243672410828129, "promo_effort": 0.10243349602992502}, {"year_month": "2017-01", "year": 2017.0, "region": "East", "category": "Technology", "sales": 1170.03, "profit": 267.9601, "orders": 6, "customers": 6, "quantity": 20.0, "discount_amt": 97.77, "sales_before": 1267.8, "aov": 195.005, "margin_rate": 0.22901985419177287, "promo_effort": 0.07711784193090393}, {"year_month": "2017-01", "year": 2017.0, "region": "South", "category": "Furniture", "sales": 781.184, "profit": -31.811200000000003, "orders": 2, "customers": 2, "quantity": 20.0, "discount_amt": 195.29599999999988, "sales_before": 976.48, "aov": 390.592, "margin_rate": -0.04072177617565132, "promo_effort": 0.19999999999999987}, {"year_month": "2017-01", "year": 2017.0, "region": "South", "category": "Office Supplies", "sales": 1665.8339999999998, "profit": 730.9290000000001, "orders": 6, "customers": 6, "quantity": 31.0, "discount_amt": 123.75599999999996, "sales_before": 1789.59, "aov": 277.63899999999995, "margin_rate": 0.43877661279575286, "promo_effort": 0.06915326974334901}, {"year_month": "2017-01", "year": 2017.0, "region": "South", "category": "Technology", "sales": 1635.4080000000001, "profit": 208.3408, "orders": 4, "customers": 4, "quantity": 18.0, "discount_amt": 329.8519999999998, "sales_before": 1965.2599999999998, "aov": 408.85200000000003, "margin_rate": 0.12739377574281158, "promo_effort": 0.16784140520847107}, {"year_month": "2017-01", "year": 2017.0, "region": "West", "category": "Furniture", "sales": 1925.4640000000002, "profit": 119.2215, "orders": 6, "customers": 6, "quantity": 35.0, "discount_amt": 400.55599999999976, "sales_before": 2326.02, "aov": 320.9106666666667, "margin_rate": 0.06191832202523651, "promo_effort": 0.17220660183489384}, {"year_month": "2017-01", "year": 2017.0, "region": "West", "category": "Office Supplies", "sales": 734.338, "profit": 231.0282, "orders": 9, "customers": 9, "quantity": 44.0, "discount_amt": 19.971999999999994, "sales_before": 754.31, "aov": 81.59311111111111, "margin_rate": 0.31460744234943583, "promo_effort": 0.026477177818138426}, {"year_month": "2017-01", "year": 2017.0, "region": "West", "category": "Technology", "sales": 998.02, "profit": 293.9957, "orders": 4, "customers": 4, "quantity": 20.0, "discount_amt": 121.87999999999995, "sales_before": 1119.8999999999999, "aov": 249.505, "margin_rate": 0.2945789663533797, "promo_effort": 0.10883114563800336}, {"year_month": "2017-02", "year": 2017.0, "region": "Central", "category": "Furniture", "sales": 394.434, "profit": -87.053, "orders": 4, "customers": 4, "quantity": 11.0, "discount_amt": 265.446, "sales_before": 659.88, "aov": 98.6085, "margin_rate": -0.22070359046126853, "promo_effort": 0.4022640480087289}, {"year_month": "2017-02", "year": 2017.0, "region": "Central", "category": "Office Supplies", "sales": 651.364, "profit": -56.211600000000004, "orders": 3, "customers": 3, "quantity": 23.0, "discount_amt": 371.2960000000001, "sales_before": 1022.6600000000001, "aov": 217.12133333333335, "margin_rate": -0.08629829097094713, "promo_effort": 0.3630688596405453}, {"year_month": "2017-02", "year": 2017.0, "region": "Central", "category": "Technology", "sales": 69.93, "profit": 0.6993, "orders": 1, "customers": 1, "quantity": 7.0, "discount_amt": 0.0, "sales_before": 69.93, "aov": 69.93, "margin_rate": 0.01, "promo_effort": 0.0}, {"year_month": "2017-02", "year": 2017.0, "region": "East", "category": "Furniture", "sales": 1364.807, "profit": 144.03640000000001, "orders": 6, "customers": 6, "quantity": 28.0, "discount_amt": 272.1930000000001, "sales_before": 1637.0, "aov": 227.46783333333335, "margin_rate": 0.10553609411440593, "promo_effort": 0.16627550397067814}, {"year_month": "2017-02", "year": 2017.0, "region": "East", "category": "Office Supplies", "sales": 1564.584, "profit": 364.5387, "orders": 12, "customers": 12, "quantity": 51.0, "discount_amt": 161.02599999999995, "sales_before": 1725.61, "aov": 130.382, "margin_rate": 0.2329940099093433, "promo_effort": 0.09331540730524276}, {"year_month": "2017-02", "year": 2017.0, "region": "East", "category": "Technology", "sales": 220.43, "profit": 65.11059999999999, "orders": 3, "customers": 3, "quantity": 7.0, "discount_amt": 0.0, "sales_before": 220.43, "aov": 73.47666666666667, "margin_rate": 0.2953799392097264, "promo_effort": 0.0}, {"year_month": "2017-02", "year": 2017.0, "region": "South", "category": "Furniture", "sales": 1594.214, "profit": 309.129, "orders": 5, "customers": 5, "quantity": 24.0, "discount_amt": 33.05599999999998, "sales_before": 1627.27, "aov": 318.8428, "margin_rate": 0.1939068406123645, "promo_effort": 0.020313777062196184}, {"year_month": "2017-02", "year": 2017.0, "region": "South", "category": "Office Supplies", "sales": 3451.284, "profit": 773.6854, "orders": 9, "customers": 9, "quantity": 74.0, "discount_amt": 202.35599999999988, "sales_before": 3653.64, "aov": 383.476, "margin_rate": 0.22417320626178544, "promo_effort": 0.055384766972115446}, {"year_month": "2017-02", "year": 2017.0, "region": "South", "category": "Technology", "sales": 10567.606000000002, "profit": 3102.2466, "orders": 4, "customers": 4, "quantity": 18.0, "discount_amt": 281.9939999999999, "sales_before": 10849.6, "aov": 2641.9015000000004, "margin_rate": 0.29356190985924335, "promo_effort": 0.02599118861524848}, {"year_month": "2017-02", "year": 2017.0, "region": "West", "category": "Furniture", "sales": 572.096, "profit": 10.922799999999999, "orders": 2, "customers": 2, "quantity": 6.0, "discount_amt": 143.02399999999992, "sales_before": 715.1199999999999, "aov": 286.048, "margin_rate": 0.019092599843382928, "promo_effort": 0.1999999999999999}, {"year_month": "2017-02", "year": 2017.0, "region": "West", "category": "Office Supplies", "sales": 1127.118, "profit": 247.9884, "orders": 7, "customers": 7, "quantity": 36.0, "discount_amt": 12.451999999999998, "sales_before": 1139.57, "aov": 161.01685714285713, "margin_rate": 0.22001990918430903, "promo_effort": 0.010926928578323402}, {"year_month": "2017-02", "year": 2017.0, "region": "West", "category": "Technology", "sales": 1400.9479999999999, "profit": 129.4869, "orders": 5, "customers": 5, "quantity": 21.0, "discount_amt": 307.472, "sales_before": 1708.42, "aov": 280.1896, "margin_rate": 0.09242805585931813, "promo_effort": 0.17997447934348695}, {"year_month": "2017-03", "year": 2017.0, "region": "Central", "category": "Furniture", "sales": 5019.5109999999995, "profit": -522.4796, "orders": 11, "customers": 11, "quantity": 49.0, "discount_amt": 2109.219, "sales_before": 7128.7300000000005, "aov": 456.3191818181818, "margin_rate": -0.10408974101262056, "promo_effort": 0.2958758432427655}, {"year_month": "2017-03", "year": 2017.0, "region": "Central", "category": "Office Supplies", "sales": 5030.656, "profit": -529.2528, "orders": 16, "customers": 16, "quantity": 82.0, "discount_amt": 1332.374, "sales_before": 6363.03, "aov": 314.416, "margin_rate": -0.1052055238919139, "promo_effort": 0.20939300930531524}, {"year_month": "2017-03", "year": 2017.0, "region": "Central", "category": "Technology", "sales": 3103.646, "profit": 445.69210000000004, "orders": 9, "customers": 9, "quantity": 40.0, "discount_amt": 528.804, "sales_before": 3632.45, "aov": 344.8495555555556, "margin_rate": 0.14360274979814064, "promo_effort": 0.14557777808366254}, {"year_month": "2017-03", "year": 2017.0, "region": "East", "category": "Furniture", "sales": 4515.019, "profit": -139.0219, "orders": 14, "customers": 14, "quantity": 67.0, "discount_amt": 1523.161, "sales_before": 6038.18, "aov": 322.50135714285716, "margin_rate": -0.03079098891942647, "promo_effort": 0.25225498411773084}, {"year_month": "2017-03", "year": 2017.0, "region": "East", "category": "Office Supplies", "sales": 3807.4139999999998, "profit": 770.5529, "orders": 16, "customers": 16, "quantity": 86.0, "discount_amt": 401.17599999999993, "sales_before": 4208.59, "aov": 237.96337499999998, "margin_rate": 0.20238222058331456, "promo_effort": 0.09532313672750255}, {"year_month": "2017-03", "year": 2017.0, "region": "East", "category": "Technology", "sales": 8442.424, "profit": 1812.6565000000003, "orders": 12, "customers": 12, "quantity": 54.0, "discount_amt": 2240.4259999999995, "sales_before": 10682.85, "aov": 703.5353333333334, "margin_rate": 0.21470806251853733, "promo_effort": 0.20972175028199397}, {"year_month": "2017-03", "year": 2017.0, "region": "South", "category": "Furniture", "sales": 643.652, "profit": 31.598099999999995, "orders": 6, "customers": 6, "quantity": 24.0, "discount_amt": 152.178, "sales_before": 795.83, "aov": 107.27533333333334, "margin_rate": 0.04909190059224549, "promo_effort": 0.19121923023761356}, {"year_month": "2017-03", "year": 2017.0, "region": "South", "category": "Office Supplies", "sales": 2110.586, "profit": 464.75309999999996, "orders": 10, "customers": 10, "quantity": 47.0, "discount_amt": 309.9139999999998, "sales_before": 2420.5, "aov": 211.05859999999998, "margin_rate": 0.22020097735889466, "promo_effort": 0.12803718240033043}, {"year_month": "2017-03", "year": 2017.0, "region": "South", "category": "Technology", "sales": 1483.9360000000001, "profit": 67.25110000000001, "orders": 2, "customers": 2, "quantity": 8.0, "discount_amt": 370.98400000000004, "sales_before": 1854.92, "aov": 741.9680000000001, "margin_rate": 0.04531940730597546, "promo_effort": 0.2}, {"year_month": "2017-03", "year": 2017.0, "region": "West", "category": "Furniture", "sales": 2622.91, "profit": 74.6354, "orders": 7, "customers": 7, "quantity": 22.0, "discount_amt": 790.4499999999997, "sales_before": 3413.3599999999997, "aov": 374.70142857142855, "margin_rate": 0.02845518908388012, "promo_effort": 0.231575339255162}, {"year_month": "2017-03", "year": 2017.0, "region": "West", "category": "Office Supplies", "sales": 6398.275, "profit": 355.3524, "orders": 15, "customers": 15, "quantity": 72.0, "discount_amt": 163.98499999999996, "sales_before": 6562.26, "aov": 426.5516666666666, "margin_rate": 0.055538781937319044, "promo_effort": 0.02498910436343576}, {"year_month": "2017-03", "year": 2017.0, "region": "West", "category": "Technology", "sales": 8537.846, "profit": 780.2307000000001, "orders": 8, "customers": 8, "quantity": 28.0, "discount_amt": 2113.1040000000003, "sales_before": 10650.95, "aov": 1067.23075, "margin_rate": 0.09138495822014125, "promo_effort": 0.19839582384669913}, {"year_month": "2017-04", "year": 2017.0, "region": "Central", "category": "Furniture", "sales": 2233.828, "profit": 202.2254, "orders": 7, "customers": 7, "quantity": 29.0, "discount_amt": 459.972, "sales_before": 2693.8, "aov": 319.1182857142857, "margin_rate": 0.09052863515006528, "promo_effort": 0.1707520974088648}, {"year_month": "2017-04", "year": 2017.0, "region": "Central", "category": "Office Supplies", "sales": 3377.4739999999997, "profit": -1977.2265000000002, "orders": 12, "customers": 11, "quantity": 66.0, "discount_amt": 5269.906000000002, "sales_before": 8647.380000000001, "aov": 281.45616666666666, "margin_rate": -0.5854157574566082, "promo_effort": 0.6094222758800933}, {"year_month": "2017-04", "year": 2017.0, "region": "Central", "category": "Technology", "sales": 1851.05, "profit": 430.7351, "orders": 6, "customers": 6, "quantity": 22.0, "discount_amt": 265.04999999999995, "sales_before": 2116.1, "aov": 308.5083333333333, "margin_rate": 0.23269771210934334, "promo_effort": 0.12525400500921505}, {"year_month": "2017-04", "year": 2017.0, "region": "East", "category": "Furniture", "sales": 3097.364, "profit": 449.6786, "orders": 7, "customers": 7, "quantity": 24.0, "discount_amt": 501.83599999999984, "sales_before": 3599.2, "aov": 442.4805714285714, "margin_rate": 0.14518106363992092, "promo_effort": 0.1394298733051789}, {"year_month": "2017-04", "year": 2017.0, "region": "East", "category": "Office Supplies", "sales": 3995.272, "profit": 386.9161, "orders": 24, "customers": 24, "quantity": 160.0, "discount_amt": 1129.6079999999995, "sales_before": 5124.879999999999, "aov": 166.46966666666665, "margin_rate": 0.09684349400991972, "promo_effort": 0.2204164780443639}, {"year_month": "2017-04", "year": 2017.0, "region": "East", "category": "Technology", "sales": 10747.332, "profit": 2701.899, "orders": 7, "customers": 7, "quantity": 26.0, "discount_amt": 134.388, "sales_before": 10881.720000000001, "aov": 1535.333142857143, "margin_rate": 0.25140183628829926, "promo_effort": 0.012349885863631851}, {"year_month": "2017-04", "year": 2017.0, "region": "South", "category": "Furniture", "sales": 963.524, "profit": 219.60060000000001, "orders": 6, "customers": 6, "quantity": 30.0, "discount_amt": 24.436, "sales_before": 987.96, "aov": 160.58733333333333, "margin_rate": 0.22791399072571106, "promo_effort": 0.024733794890481393}, {"year_month": "2017-04", "year": 2017.0, "region": "South", "category": "Office Supplies", "sales": 1049.992, "profit": 49.374999999999986, "orders": 11, "customers": 11, "quantity": 58.0, "discount_amt": 531.348, "sales_before": 1581.34, "aov": 95.45381818181818, "margin_rate": 0.04702416780318325, "promo_effort": 0.33601123098131963}, {"year_month": "2017-04", "year": 2017.0, "region": "South", "category": "Technology", "sales": 952.194, "profit": 157.8535, "orders": 5, "customers": 5, "quantity": 24.0, "discount_amt": 193.16599999999994, "sales_before": 1145.36, "aov": 190.4388, "margin_rate": 0.16577871736221822, "promo_effort": 0.16865090451910314}, {"year_month": "2017-04", "year": 2017.0, "region": "West", "category": "Furniture", "sales": 6917.374, "profit": -506.67120000000006, "orders": 13, "customers": 13, "quantity": 63.0, "discount_amt": 2609.8859999999995, "sales_before": 9527.26, "aov": 532.1056923076923, "margin_rate": -0.0732461769451818, "promo_effort": 0.27393878197928884}, {"year_month": "2017-04", "year": 2017.0, "region": "West", "category": "Office Supplies", "sales": 2224.709, "profit": 440.4533, "orders": 19, "customers": 19, "quantity": 124.0, "discount_amt": 290.4309999999999, "sales_before": 2515.14, "aov": 117.08994736842105, "margin_rate": 0.19798243275862148, "promo_effort": 0.11547309493706114}, {"year_month": "2017-04", "year": 2017.0, "region": "West", "category": "Technology", "sales": 1339.9260000000002, "profit": 422.976, "orders": 3, "customers": 3, "quantity": 9.0, "discount_amt": 309.9839999999999, "sales_before": 1649.91, "aov": 446.64200000000005, "margin_rate": 0.3156711639299483, "promo_effort": 0.18787933887302938}, {"year_month": "2017-05", "year": 2017.0, "region": "Central", "category": "Furniture", "sales": 4610.925, "profit": 438.5692, "orders": 8, "customers": 8, "quantity": 36.0, "discount_amt": 533.6850000000002, "sales_before": 5144.610000000001, "aov": 576.365625, "margin_rate": 0.09511523175935414, "promo_effort": 0.10373672639908567}, {"year_month": "2017-05", "year": 2017.0, "region": "Central", "category": "Office Supplies", "sales": 4327.498, "profit": 718.8106, "orders": 16, "customers": 16, "quantity": 133.0, "discount_amt": 1124.472, "sales_before": 5451.969999999999, "aov": 270.468625, "margin_rate": 0.16610304614814383, "promo_effort": 0.20625058465105275}, {"year_month": "2017-05", "year": 2017.0, "region": "Central", "category": "Technology", "sales": 2805.542, "profit": 219.4683, "orders": 7, "customers": 7, "quantity": 26.0, "discount_amt": 669.8879999999997, "sales_before": 3475.4299999999994, "aov": 400.79171428571425, "margin_rate": 0.0782267027191181, "promo_effort": 0.1927496741410415}, {"year_month": "2017-05", "year": 2017.0, "region": "East", "category": "Furniture", "sales": 1606.324, "profit": 315.5893, "orders": 11, "customers": 11, "quantity": 55.0, "discount_amt": 170.40599999999995, "sales_before": 1776.73, "aov": 146.02945454545454, "margin_rate": 0.1964667775616874, "promo_effort": 0.09590990189843136}, {"year_month": "2017-05", "year": 2017.0, "region": "East", "category": "Office Supplies", "sales": 4319.44, "profit": 608.431, "orders": 23, "customers": 22, "quantity": 129.0, "discount_amt": 508.23999999999984, "sales_before": 4827.68, "aov": 187.80173913043475, "margin_rate": 0.14085876872927974, "promo_effort": 0.10527624034733035}, {"year_month": "2017-05", "year": 2017.0, "region": "East", "category": "Technology", "sales": 16663.519, "profit": 2607.8923, "orders": 9, "customers": 9, "quantity": 56.0, "discount_amt": 7418.061000000001, "sales_before": 24081.58, "aov": 1851.5021111111112, "margin_rate": 0.15650309517455466, "promo_effort": 0.3080387997797487}, {"year_month": "2017-05", "year": 2017.0, "region": "South", "category": "Furniture", "sales": 3982.04, "profit": 444.24559999999997, "orders": 9, "customers": 9, "quantity": 47.0, "discount_amt": 414.33, "sales_before": 4396.37, "aov": 442.44888888888886, "margin_rate": 0.11156231479342246, "promo_effort": 0.09424366011050025}, {"year_month": "2017-05", "year": 2017.0, "region": "South", "category": "Office Supplies", "sales": 3273.603, "profit": 748.7224, "orders": 24, "customers": 24, "quantity": 157.0, "discount_amt": 424.22699999999986, "sales_before": 3697.83, "aov": 136.400125, "margin_rate": 0.2287150885431129, "promo_effort": 0.11472322956977467}, {"year_month": "2017-05", "year": 2017.0, "region": "South", "category": "Technology", "sales": 4704.59, "profit": 1076.1162000000002, "orders": 7, "customers": 7, "quantity": 28.0, "discount_amt": 408.24, "sales_before": 5112.83, "aov": 672.0842857142858, "margin_rate": 0.22873750953855707, "promo_effort": 0.07984619085711828}, {"year_month": "2017-05", "year": 2017.0, "region": "West", "category": "Furniture", "sales": 4920.546, "profit": 626.0698, "orders": 10, "customers": 10, "quantity": 43.0, "discount_amt": 414.0339999999999, "sales_before": 5334.58, "aov": 492.05460000000005, "margin_rate": 0.12723583927474713, "promo_effort": 0.07761323290680801}, {"year_month": "2017-05", "year": 2017.0, "region": "West", "category": "Office Supplies", "sales": 1114.661, "profit": 321.53839999999997, "orders": 21, "customers": 21, "quantity": 102.0, "discount_amt": 211.26899999999995, "sales_before": 1325.93, "aov": 53.07909523809524, "margin_rate": 0.28846294972193337, "promo_effort": 0.15933646572594326}, {"year_month": "2017-05", "year": 2017.0, "region": "West", "category": "Technology", "sales": 4659.04, "profit": 536.6933, "orders": 9, "customers": 9, "quantity": 51.0, "discount_amt": 1061.7999999999997, "sales_before": 5720.84, "aov": 517.6711111111111, "margin_rate": 0.11519396699749306, "promo_effort": 0.18560211437481203}, {"year_month": "2017-06", "year": 2017.0, "region": "Central", "category": "Furniture", "sales": 2419.7830000000004, "profit": -460.6923, "orders": 7, "customers": 7, "quantity": 40.0, "discount_amt": 1339.107, "sales_before": 3758.8900000000003, "aov": 345.6832857142858, "margin_rate": -0.1903857907919842, "promo_effort": 0.35625064846271104}, {"year_month": "2017-06", "year": 2017.0, "region": "Central", "category": "Office Supplies", "sales": 1419.718, "profit": 283.67379999999997, "orders": 14, "customers": 14, "quantity": 94.0, "discount_amt": 532.232, "sales_before": 1951.95, "aov": 101.40842857142857, "margin_rate": 0.19980996226011077, "promo_effort": 0.27266682035912804}, {"year_month": "2017-06", "year": 2017.0, "region": "Central", "category": "Technology", "sales": 2713.647, "profit": 366.94890000000004, "orders": 10, "customers": 10, "quantity": 38.0, "discount_amt": 651.9630000000001, "sales_before": 3365.61, "aov": 271.36469999999997, "margin_rate": 0.13522352022941822, "promo_effort": 0.1937131753233441}, {"year_month": "2017-06", "year": 2017.0, "region": "East", "category": "Furniture", "sales": 2762.682, "profit": -273.9606, "orders": 10, "customers": 10, "quantity": 33.0, "discount_amt": 952.2280000000001, "sales_before": 3714.9100000000003, "aov": 276.2682, "margin_rate": -0.09916472471315918, "promo_effort": 0.256325994438627}, {"year_month": "2017-06", "year": 2017.0, "region": "East", "category": "Office Supplies", "sales": 6492.164, "profit": 1230.0823, "orders": 26, "customers": 26, "quantity": 207.0, "discount_amt": 608.5259999999998, "sales_before": 7100.69, "aov": 249.69861538461538, "margin_rate": 0.18947184636740538, "promo_effort": 0.08569955877527394}, {"year_month": "2017-06", "year": 2017.0, "region": "East", "category": "Technology", "sales": 2482.56, "profit": 642.4322999999999, "orders": 7, "customers": 7, "quantity": 30.0, "discount_amt": 0.0, "sales_before": 2482.56, "aov": 354.65142857142854, "margin_rate": 0.25877815641918017, "promo_effort": 0.0}, {"year_month": "2017-06", "year": 2017.0, "region": "South", "category": "Furniture", "sales": 1266.86, "profit": 291.3778, "orders": 1, "customers": 1, "quantity": 7.0, "discount_amt": 0.0, "sales_before": 1266.86, "aov": 1266.86, "margin_rate": 0.23, "promo_effort": 0.0}, {"year_month": "2017-06", "year": 2017.0, "region": "South", "category": "Office Supplies", "sales": 717.276, "profit": 172.9593, "orders": 6, "customers": 6, "quantity": 30.0, "discount_amt": 93.18399999999997, "sales_before": 810.46, "aov": 119.54599999999999, "margin_rate": 0.24113353855419675, "promo_effort": 0.11497667991017442}, {"year_month": "2017-06", "year": 2017.0, "region": "South", "category": "Technology", "sales": 1471.749, "profit": 222.1003, "orders": 5, "customers": 5, "quantity": 18.0, "discount_amt": 791.791, "sales_before": 2263.54, "aov": 294.3498, "margin_rate": 0.15090908843831388, "promo_effort": 0.3498020799279006}, {"year_month": "2017-06", "year": 2017.0, "region": "West", "category": "Furniture", "sales": 6621.247, "profit": 337.0086, "orders": 12, "customers": 12, "quantity": 48.0, "discount_amt": 1307.1229999999996, "sales_before": 7928.37, "aov": 551.7705833333333, "margin_rate": 0.05089805591001211, "promo_effort": 0.16486654886187194}, {"year_month": "2017-06", "year": 2017.0, "region": "West", "category": "Office Supplies", "sales": 2272.652, "profit": 780.774, "orders": 21, "customers": 21, "quantity": 159.0, "discount_amt": 50.55799999999999, "sales_before": 2323.21, "aov": 108.22152380952382, "margin_rate": 0.34355193844020115, "promo_effort": 0.021762130844822463}, {"year_month": "2017-06", "year": 2017.0, "region": "West", "category": "Technology", "sales": 9704.196, "profit": 1157.6737, "orders": 8, "customers": 8, "quantity": 38.0, "discount_amt": 2314.4939999999997, "sales_before": 12018.689999999999, "aov": 1213.0245, "margin_rate": 0.11929619929358394, "promo_effort": 0.19257456511483365}, {"year_month": "2017-07", "year": 2017.0, "region": "Central", "category": "Furniture", "sales": 1950.762, "profit": -279.22299999999996, "orders": 6, "customers": 6, "quantity": 40.0, "discount_amt": 930.9480000000001, "sales_before": 2881.71, "aov": 325.127, "margin_rate": -0.14313534916099452, "promo_effort": 0.32305402000895306}, {"year_month": "2017-07", "year": 2017.0, "region": "Central", "category": "Office Supplies", "sales": 4242.706, "profit": 543.2458, "orders": 17, "customers": 17, "quantity": 117.0, "discount_amt": 674.7339999999999, "sales_before": 4917.44, "aov": 249.5709411764706, "margin_rate": 0.1280422918769295, "promo_effort": 0.13721245200754864}, {"year_month": "2017-07", "year": 2017.0, "region": "Central", "category": "Technology", "sales": 2700.996, "profit": 541.9933, "orders": 7, "customers": 7, "quantity": 45.0, "discount_amt": 353.5739999999999, "sales_before": 3054.5699999999997, "aov": 385.85657142857144, "margin_rate": 0.2006642364520347, "promo_effort": 0.11575246270342468}, {"year_month": "2017-07", "year": 2017.0, "region": "East", "category": "Furniture", "sales": 1622.704, "profit": 74.7364, "orders": 6, "customers": 6, "quantity": 22.0, "discount_amt": 398.67599999999993, "sales_before": 2021.3799999999999, "aov": 270.4506666666667, "margin_rate": 0.046056705351068344, "promo_effort": 0.19722961541125367}, {"year_month": "2017-07", "year": 2017.0, "region": "East", "category": "Office Supplies", "sales": 3703.384, "profit": -411.5994, "orders": 20, "customers": 20, "quantity": 142.0, "discount_amt": 3517.905999999999, "sales_before": 7221.289999999999, "aov": 185.1692, "margin_rate": -0.1111414317283868, "promo_effort": 0.48715755772168123}, {"year_month": "2017-07", "year": 2017.0, "region": "East", "category": "Technology", "sales": 3198.109, "profit": 45.5897, "orders": 7, "customers": 7, "quantity": 26.0, "discount_amt": 2223.5310000000004, "sales_before": 5421.64, "aov": 456.87271428571427, "margin_rate": 0.014255205185314198, "promo_effort": 0.4101214761585056}, {"year_month": "2017-07", "year": 2017.0, "region": "South", "category": "Furniture", "sales": 3677.04, "profit": 646.0774, "orders": 5, "customers": 5, "quantity": 26.0, "discount_amt": 90.97999999999996, "sales_before": 3768.02, "aov": 735.408, "margin_rate": 0.1757058394795814, "promo_effort": 0.024145307084357293}, {"year_month": "2017-07", "year": 2017.0, "region": "South", "category": "Office Supplies", "sales": 1690.964, "profit": 360.2331, "orders": 14, "customers": 14, "quantity": 89.0, "discount_amt": 276.96599999999995, "sales_before": 1967.93, "aov": 120.78314285714285, "margin_rate": 0.21303416276159634, "promo_effort": 0.14073976208503347}, {"year_month": "2017-07", "year": 2017.0, "region": "South", "category": "Technology", "sales": 1194.415, "profit": -34.516799999999996, "orders": 4, "customers": 4, "quantity": 10.0, "discount_amt": 471.46500000000003, "sales_before": 1665.88, "aov": 298.60375, "margin_rate": -0.028898498428100782, "promo_effort": 0.28301258193867507}, {"year_month": "2017-07", "year": 2017.0, "region": "West", "category": "Furniture", "sales": 5818.013, "profit": 597.3165, "orders": 12, "customers": 12, "quantity": 71.0, "discount_amt": 1195.5769999999998, "sales_before": 7013.59, "aov": 484.83441666666664, "margin_rate": 0.10266675237748696, "promo_effort": 0.17046576717487047}, {"year_month": "2017-07", "year": 2017.0, "region": "West", "category": "Office Supplies", "sales": 3287.39, "profit": 632.0807, "orders": 24, "customers": 23, "quantity": 125.0, "discount_amt": 494.85999999999984, "sales_before": 3782.25, "aov": 136.97458333333333, "margin_rate": 0.19227432704972638, "promo_effort": 0.13083746447220565}, {"year_month": "2017-07", "year": 2017.0, "region": "West", "category": "Technology", "sales": 6175.4800000000005, "profit": 1716.9442, "orders": 10, "customers": 10, "quantity": 45.0, "discount_amt": 964.2899999999996, "sales_before": 7139.7699999999995, "aov": 617.548, "margin_rate": 0.2780260319845583, "promo_effort": 0.13505897248790924}, {"year_month": "2017-08", "year": 2017.0, "region": "Central", "category": "Furniture", "sales": 1908.3927999999999, "profit": 24.420399999999997, "orders": 6, "customers": 6, "quantity": 24.0, "discount_amt": 569.0072, "sales_before": 2477.4, "aov": 318.0654666666666, "margin_rate": 0.012796317403838454, "promo_effort": 0.22967917978525873}, {"year_month": "2017-08", "year": 2017.0, "region": "Central", "category": "Office Supplies", "sales": 1829.9080000000001, "profit": -146.0471, "orders": 19, "customers": 19, "quantity": 114.0, "discount_amt": 721.642, "sales_before": 2551.55, "aov": 96.31094736842105, "margin_rate": -0.07981117083481792, "promo_effort": 0.2828249495404754}, {"year_month": "2017-08", "year": 2017.0, "region": "Central", "category": "Technology", "sales": 3244.254, "profit": 317.5291, "orders": 9, "customers": 9, "quantity": 44.0, "discount_amt": 580.5759999999998, "sales_before": 3824.83, "aov": 360.47266666666667, "margin_rate": 0.09787430330670781, "promo_effort": 0.15179132144435173}, {"year_month": "2017-08", "year": 2017.0, "region": "East", "category": "Furniture", "sales": 3199.849, "profit": -723.1315999999999, "orders": 8, "customers": 8, "quantity": 35.0, "discount_amt": 1534.8410000000003, "sales_before": 4734.6900000000005, "aov": 399.981125, "margin_rate": -0.2259892888695685, "promo_effort": 0.32416926979379856}, {"year_month": "2017-08", "year": 2017.0, "region": "East", "category": "Office Supplies", "sales": 4534.272, "profit": 1104.4747, "orders": 15, "customers": 15, "quantity": 135.0, "discount_amt": 409.7879999999999, "sales_before": 4944.0599999999995, "aov": 302.2848, "margin_rate": 0.2435836888479562, "promo_effort": 0.08288491644518876}, {"year_month": "2017-08", "year": 2017.0, "region": "East", "category": "Technology", "sales": 1530.836, "profit": 30.1792, "orders": 7, "customers": 7, "quantity": 33.0, "discount_amt": 613.9739999999999, "sales_before": 2144.81, "aov": 218.69085714285714, "margin_rate": 0.019714195380824594, "promo_effort": 0.28626032142707275}, {"year_month": "2017-08", "year": 2017.0, "region": "South", "category": "Furniture", "sales": 1083.9285, "profit": -145.9031, "orders": 4, "customers": 4, "quantity": 21.0, "discount_amt": 516.3814999999998, "sales_before": 1600.31, "aov": 270.982125, "margin_rate": -0.13460583424091163, "promo_effort": 0.32267591904068577}, {"year_month": "2017-08", "year": 2017.0, "region": "South", "category": "Office Supplies", "sales": 1143.774, "profit": 228.364, "orders": 12, "customers": 12, "quantity": 74.0, "discount_amt": 239.96599999999987, "sales_before": 1383.7399999999998, "aov": 95.3145, "margin_rate": 0.1996583241094832, "promo_effort": 0.17341841675459255}, {"year_month": "2017-08", "year": 2017.0, "region": "South", "category": "Technology", "sales": 822.308, "profit": 90.1486, "orders": 3, "customers": 3, "quantity": 11.0, "discount_amt": 187.58199999999997, "sales_before": 1009.89, "aov": 274.10266666666666, "margin_rate": 0.10962875224368485, "promo_effort": 0.18574498212676624}, {"year_month": "2017-08", "year": 2017.0, "region": "West", "category": "Furniture", "sales": 6291.062, "profit": 350.46860000000004, "orders": 9, "customers": 9, "quantity": 35.0, "discount_amt": 1482.9979999999996, "sales_before": 7774.0599999999995, "aov": 699.0068888888889, "margin_rate": 0.05570897250734455, "promo_effort": 0.19076235583466036}, {"year_month": "2017-08", "year": 2017.0, "region": "West", "category": "Office Supplies", "sales": 1451.786, "profit": 442.3997, "orders": 21, "customers": 21, "quantity": 120.0, "discount_amt": 170.58399999999997, "sales_before": 1622.37, "aov": 69.13266666666667, "margin_rate": 0.3047279006685558, "promo_effort": 0.10514494227580637}, {"year_month": "2017-08", "year": 2017.0, "region": "West", "category": "Technology", "sales": 4075.0040000000004, "profit": 489.1668, "orders": 12, "customers": 12, "quantity": 47.0, "discount_amt": 910.0159999999998, "sales_before": 4985.0199999999995, "aov": 339.5836666666667, "margin_rate": 0.12004081468386288, "promo_effort": 0.18255012015999936}, {"year_month": "2017-09", "year": 2017.0, "region": "Central", "category": "Furniture", "sales": 8933.4534, "profit": -865.0872, "orders": 18, "customers": 18, "quantity": 90.0, "discount_amt": 3686.3366000000005, "sales_before": 12619.79, "aov": 496.3029666666667, "margin_rate": -0.09683681788724616, "promo_effort": 0.29210760242444606}, {"year_month": "2017-09", "year": 2017.0, "region": "Central", "category": "Office Supplies", "sales": 4310.474, "profit": -284.3088, "orders": 41, "customers": 39, "quantity": 222.0, "discount_amt": 2827.196000000001, "sales_before": 7137.670000000001, "aov": 105.13351219512195, "margin_rate": -0.06595766498069586, "promo_effort": 0.3960950842501825}, {"year_month": "2017-09", "year": 2017.0, "region": "Central", "category": "Technology", "sales": 4259.278, "profit": 585.8064, "orders": 13, "customers": 13, "quantity": 51.0, "discount_amt": 915.7620000000001, "sales_before": 5175.04, "aov": 327.63676923076923, "margin_rate": 0.13753654962179038, "promo_effort": 0.17695747279248084}, {"year_month": "2017-09", "year": 2017.0, "region": "East", "category": "Furniture", "sales": 6028.317, "profit": 640.6925, "orders": 20, "customers": 19, "quantity": 79.0, "discount_amt": 1121.4529999999997, "sales_before": 7149.7699999999995, "aov": 301.41585, "margin_rate": 0.10628049254874951, "promo_effort": 0.15685161900312874}, {"year_month": "2017-09", "year": 2017.0, "region": "East", "category": "Office Supplies", "sales": 11701.128999999999, "profit": 2211.9062, "orders": 40, "customers": 38, "quantity": 202.0, "discount_amt": 4663.530999999998, "sales_before": 16364.659999999998, "aov": 292.52822499999996, "margin_rate": 0.18903357103404297, "promo_effort": 0.2849757342957323}, {"year_month": "2017-09", "year": 2017.0, "region": "East", "category": "Technology", "sales": 2533.046, "profit": 315.6023, "orders": 9, "customers": 9, "quantity": 35.0, "discount_amt": 689.144, "sales_before": 3222.19, "aov": 281.44955555555555, "margin_rate": 0.12459398684429736, "promo_effort": 0.21387441460621504}, {"year_month": "2017-09", "year": 2017.0, "region": "South", "category": "Furniture", "sales": 4581.106, "profit": 513.0952, "orders": 10, "customers": 10, "quantity": 28.0, "discount_amt": 657.604, "sales_before": 5238.71, "aov": 458.1106, "margin_rate": 0.11200247276531039, "promo_effort": 0.12552784941330977}, {"year_month": "2017-09", "year": 2017.0, "region": "South", "category": "Office Supplies", "sales": 2793.581, "profit": 504.5621, "orders": 21, "customers": 21, "quantity": 143.0, "discount_amt": 515.0089999999999, "sales_before": 3308.59, "aov": 133.02766666666668, "margin_rate": 0.18061480945066563, "promo_effort": 0.15565815045079623}, {"year_month": "2017-09", "year": 2017.0, "region": "South", "category": "Technology", "sales": 4648.764, "profit": 1429.9847, "orders": 11, "customers": 11, "quantity": 50.0, "discount_amt": 543.0559999999998, "sales_before": 5191.82, "aov": 422.6149090909091, "margin_rate": 0.30760535488572877, "promo_effort": 0.10459838746335579}, {"year_month": "2017-09", "year": 2017.0, "region": "West", "category": "Furniture", "sales": 7720.0045, "profit": 413.902, "orders": 21, "customers": 21, "quantity": 87.0, "discount_amt": 1758.9954999999995, "sales_before": 9479.0, "aov": 367.6192619047619, "margin_rate": 0.05361421745285252, "promo_effort": 0.18556762316700068}, {"year_month": "2017-09", "year": 2017.0, "region": "West", "category": "Office Supplies", "sales": 4458.554, "profit": 1281.8822, "orders": 44, "customers": 43, "quantity": 267.0, "discount_amt": 421.18599999999986, "sales_before": 4879.74, "aov": 101.33077272727273, "margin_rate": 0.28751074900068496, "promo_effort": 0.08631320521175306}, {"year_month": "2017-09", "year": 2017.0, "region": "West", "category": "Technology", "sales": 11442.318, "profit": 2580.62, "orders": 14, "customers": 14, "quantity": 62.0, "discount_amt": 1710.6819999999993, "sales_before": 13153.0, "aov": 817.3084285714285, "margin_rate": 0.22553297330138877, "promo_effort": 0.13006021439975665}, {"year_month": "2017-10", "year": 2017.0, "region": "Central", "category": "Furniture", "sales": 825.774, "profit": -110.97699999999998, "orders": 10, "customers": 10, "quantity": 48.0, "discount_amt": 414.09599999999995, "sales_before": 1239.87, "aov": 82.5774, "margin_rate": -0.1343914921031662, "promo_effort": 0.3339834014856396}, {"year_month": "2017-10", "year": 2017.0, "region": "Central", "category": "Office Supplies", "sales": 4636.26, "profit": 1564.0937, "orders": 17, "customers": 17, "quantity": 114.0, "discount_amt": 182.65, "sales_before": 4818.91, "aov": 272.72117647058826, "margin_rate": 0.3373610841497241, "promo_effort": 0.037902762242913855}, {"year_month": "2017-10", "year": 2017.0, "region": "Central", "category": "Technology", "sales": 20370.318, "profit": 9307.7443, "orders": 9, "customers": 9, "quantity": 36.0, "discount_amt": 94.392, "sales_before": 20464.71, "aov": 2263.3686666666667, "margin_rate": 0.4569268039900016, "promo_effort": 0.004612427930813581}, {"year_month": "2017-10", "year": 2017.0, "region": "East", "category": "Furniture", "sales": 5347.6810000000005, "profit": 176.231, "orders": 14, "customers": 14, "quantity": 55.0, "discount_amt": 1267.079, "sales_before": 6614.76, "aov": 381.9772142857143, "margin_rate": 0.032954658290200924, "promo_effort": 0.19155328386819778}, {"year_month": "2017-10", "year": 2017.0, "region": "East", "category": "Office Supplies", "sales": 2868.656, "profit": 693.2389000000001, "orders": 16, "customers": 16, "quantity": 106.0, "discount_amt": 17.423999999999996, "sales_before": 2886.08, "aov": 179.291, "margin_rate": 0.24165982257893595, "promo_effort": 0.0060372546845548275}, {"year_month": "2017-10", "year": 2017.0, "region": "East", "category": "Technology", "sales": 6849.128000000001, "profit": 2812.1405, "orders": 5, "customers": 5, "quantity": 34.0, "discount_amt": 172.75200000000004, "sales_before": 7021.88, "aov": 1369.8256000000001, "margin_rate": 0.410583726862748, "promo_effort": 0.02460195844987383}, {"year_month": "2017-10", "year": 2017.0, "region": "South", "category": "Furniture", "sales": 828.696, "profit": 182.7558, "orders": 7, "customers": 7, "quantity": 24.0, "discount_amt": 109.17399999999996, "sales_before": 937.87, "aov": 118.38514285714287, "margin_rate": 0.2205341886530163, "promo_effort": 0.11640632497041165}, {"year_month": "2017-10", "year": 2017.0, "region": "South", "category": "Office Supplies", "sales": 1237.218, "profit": 78.2627, "orders": 11, "customers": 11, "quantity": 85.0, "discount_amt": 497.5019999999999, "sales_before": 1734.72, "aov": 112.47436363636365, "margin_rate": 0.06325700078725009, "promo_effort": 0.2867909518539014}, {"year_month": "2017-10", "year": 2017.0, "region": "South", "category": "Technology", "sales": 1099.32, "profit": 122.10900000000001, "orders": 4, "customers": 4, "quantity": 12.0, "discount_amt": 274.83, "sales_before": 1374.15, "aov": 274.83, "margin_rate": 0.11107684750573082, "promo_effort": 0.19999999999999998}, {"year_month": "2017-10", "year": 2017.0, "region": "West", "category": "Furniture", "sales": 4870.426, "profit": -392.6698, "orders": 12, "customers": 12, "quantity": 60.0, "discount_amt": 1902.4039999999998, "sales_before": 6772.83, "aov": 405.8688333333334, "margin_rate": -0.08062329660690871, "promo_effort": 0.28088760532893925}, {"year_month": "2017-10", "year": 2017.0, "region": "West", "category": "Office Supplies", "sales": 7539.660000000001, "profit": 2344.4597, "orders": 25, "customers": 24, "quantity": 160.0, "discount_amt": 1415.9299999999998, "sales_before": 8955.59, "aov": 301.5864, "margin_rate": 0.31095032136727646, "promo_effort": 0.15810571944450336}, {"year_month": "2017-10", "year": 2017.0, "region": "West", "category": "Technology", "sales": 3214.608, "profit": -534.2462999999999, "orders": 8, "customers": 8, "quantity": 33.0, "discount_amt": 1947.9719999999998, "sales_before": 5162.58, "aov": 401.826, "margin_rate": -0.16619329635215238, "promo_effort": 0.3773252908429506}, {"year_month": "2017-11", "year": 2017.0, "region": "Central", "category": "Furniture", "sales": 8186.6948, "profit": -181.85320000000002, "orders": 16, "customers": 15, "quantity": 83.0, "discount_amt": 1680.8852000000002, "sales_before": 9867.58, "aov": 511.668425, "margin_rate": -0.022213262426736612, "promo_effort": 0.1703442181365644}, {"year_month": "2017-11", "year": 2017.0, "region": "Central", "category": "Office Supplies", "sales": 4393.066, "profit": 810.6147, "orders": 30, "customers": 30, "quantity": 209.0, "discount_amt": 470.0439999999999, "sales_before": 4863.11, "aov": 146.43553333333332, "margin_rate": 0.18452140259217595, "promo_effort": 0.09665502116958077}, {"year_month": "2017-11", "year": 2017.0, "region": "Central", "category": "Technology", "sales": 4330.5560000000005, "profit": 841.9849, "orders": 20, "customers": 19, "quantity": 86.0, "discount_amt": 576.4439999999998, "sales_before": 4907.0, "aov": 216.5278, "margin_rate": 0.19442882161089706, "promo_effort": 0.11747381292031789}, {"year_month": "2017-11", "year": 2017.0, "region": "East", "category": "Furniture", "sales": 6612.935, "profit": 6.311800000000009, "orders": 16, "customers": 16, "quantity": 85.0, "discount_amt": 2538.1750000000006, "sales_before": 9151.11, "aov": 413.3084375, "margin_rate": 0.0009544627309961474, "promo_effort": 0.27736252760594077}, {"year_month": "2017-11", "year": 2017.0, "region": "East", "category": "Office Supplies", "sales": 4456.892, "profit": 578.4524, "orders": 37, "customers": 36, "quantity": 246.0, "discount_amt": 1915.4079999999997, "sales_before": 6372.299999999999, "aov": 120.45654054054053, "margin_rate": 0.12978829193078945, "promo_effort": 0.3005834627999309}, {"year_month": "2017-11", "year": 2017.0, "region": "East", "category": "Technology", "sales": 11912.261999999999, "profit": -5427.0061, "orders": 21, "customers": 21, "quantity": 95.0, "discount_amt": 12178.197999999997, "sales_before": 24090.459999999995, "aov": 567.2505714285713, "margin_rate": -0.4555814924151265, "promo_effort": 0.5055195293074519}, {"year_month": "2017-11", "year": 2017.0, "region": "South", "category": "Furniture", "sales": 5835.253, "profit": 29.479499999999952, "orders": 11, "customers": 11, "quantity": 61.0, "discount_amt": 1505.937, "sales_before": 7341.1900000000005, "aov": 530.4775454545454, "margin_rate": 0.005051966041575225, "promo_effort": 0.20513527098467685}, {"year_month": "2017-11", "year": 2017.0, "region": "South", "category": "Office Supplies", "sales": 4230.192, "profit": 717.7393000000001, "orders": 18, "customers": 18, "quantity": 99.0, "discount_amt": 347.99799999999993, "sales_before": 4578.19, "aov": 235.01066666666668, "margin_rate": 0.16967062015152032, "promo_effort": 0.07601213580039272}, {"year_month": "2017-11", "year": 2017.0, "region": "South", "category": "Technology", "sales": 5531.110000000001, "profit": 2193.0593, "orders": 10, "customers": 10, "quantity": 33.0, "discount_amt": 99.42999999999995, "sales_before": 5630.54, "aov": 553.1110000000001, "margin_rate": 0.3964953327632247, "promo_effort": 0.017659052240104847}, {"year_month": "2017-11", "year": 2017.0, "region": "West", "category": "Furniture", "sales": 11148.746, "profit": 965.8706999999999, "orders": 22, "customers": 22, "quantity": 89.0, "discount_amt": 2093.903999999999, "sales_before": 13242.65, "aov": 506.7611818181818, "margin_rate": 0.08663491840248222, "promo_effort": 0.15811820141738997}, {"year_month": "2017-11", "year": 2017.0, "region": "West", "category": "Office Supplies", "sales": 7407.128, "profit": 2580.1186000000002, "orders": 39, "customers": 38, "quantity": 265.0, "discount_amt": 922.9319999999999, "sales_before": 8330.06, "aov": 189.92635897435898, "margin_rate": 0.3483291499755371, "promo_effort": 0.11079536041757201}, {"year_month": "2017-11", "year": 2017.0, "region": "West", "category": "Technology", "sales": 5367.131, "profit": 896.6356000000001, "orders": 17, "customers": 17, "quantity": 55.0, "discount_amt": 832.5889999999998, "sales_before": 6199.719999999999, "aov": 315.71358823529414, "margin_rate": 0.16706050215655255, "promo_effort": 0.134294613305117}, {"year_month": "2017-12", "year": 2017.0, "region": "Central", "category": "Furniture", "sales": 10481.718, "profit": 1380.4944, "orders": 17, "customers": 17, "quantity": 87.0, "discount_amt": 1223.7520000000004, "sales_before": 11705.470000000001, "aov": 616.5716470588236, "margin_rate": 0.13170497431814135, "promo_effort": 0.10454531086748335}, {"year_month": "2017-12", "year": 2017.0, "region": "Central", "category": "Office Supplies", "sales": 11256.023000000001, "profit": 5344.9111, "orders": 24, "customers": 24, "quantity": 140.0, "discount_amt": 225.66700000000003, "sales_before": 11481.69, "aov": 469.00095833333336, "margin_rate": 0.4748489852943619, "promo_effort": 0.01965451079065887}, {"year_month": "2017-12", "year": 2017.0, "region": "Central", "category": "Technology", "sales": 3597.58, "profit": 555.8216, "orders": 9, "customers": 9, "quantity": 56.0, "discount_amt": 538.8799999999999, "sales_before": 4136.46, "aov": 399.7311111111111, "margin_rate": 0.15449874637951067, "promo_effort": 0.13027564632560207}, {"year_month": "2017-12", "year": 2017.0, "region": "East", "category": "Furniture", "sales": 9121.301, "profit": 733.5491, "orders": 18, "customers": 17, "quantity": 82.0, "discount_amt": 1638.409, "sales_before": 10759.71, "aov": 506.7389444444444, "margin_rate": 0.08042154293559657, "promo_effort": 0.1522725984250505}, {"year_month": "2017-12", "year": 2017.0, "region": "East", "category": "Office Supplies", "sales": 11776.133, "profit": 3439.4314, "orders": 41, "customers": 40, "quantity": 239.0, "discount_amt": 1040.0669999999998, "sales_before": 12816.2, "aov": 287.222756097561, "margin_rate": 0.29206798190883204, "promo_effort": 0.0811525257096487}, {"year_month": "2017-12", "year": 2017.0, "region": "East", "category": "Technology", "sales": 6747.766, "profit": 1354.9369, "orders": 12, "customers": 12, "quantity": 42.0, "discount_amt": 1225.9640000000002, "sales_before": 7973.7300000000005, "aov": 562.3138333333333, "margin_rate": 0.2007978492437349, "promo_effort": 0.153750377803111}, {"year_month": "2017-12", "year": 2017.0, "region": "South", "category": "Furniture", "sales": 2683.944, "profit": 656.7716, "orders": 7, "customers": 7, "quantity": 37.0, "discount_amt": 53.31600000000002, "sales_before": 2737.26, "aov": 383.4205714285714, "margin_rate": 0.24470391334543495, "promo_effort": 0.019477872032616562}, {"year_month": "2017-12", "year": 2017.0, "region": "South", "category": "Office Supplies", "sales": 5302.3240000000005, "profit": 494.9753999999999, "orders": 18, "customers": 18, "quantity": 108.0, "discount_amt": 1268.5759999999998, "sales_before": 6570.9, "aov": 294.5735555555556, "margin_rate": 0.09335065152563289, "promo_effort": 0.19305970262825486}, {"year_month": "2017-12", "year": 2017.0, "region": "South", "category": "Technology", "sales": 2910.754, "profit": 597.138, "orders": 8, "customers": 8, "quantity": 40.0, "discount_amt": 373.63599999999974, "sales_before": 3284.39, "aov": 363.84425, "margin_rate": 0.20514890643455272, "promo_effort": 0.11376115503944409}, {"year_month": "2017-12", "year": 2017.0, "region": "West", "category": "Furniture", "sales": 14391.751999999999, "profit": 57.85640000000002, "orders": 27, "customers": 27, "quantity": 137.0, "discount_amt": 3785.617999999999, "sales_before": 18177.37, "aov": 533.0278518518518, "margin_rate": 0.004020108184187723, "promo_effort": 0.20825994079451535}, {"year_month": "2017-12", "year": 2017.0, "region": "West", "category": "Office Supplies", "sales": 9663.086, "profit": 2187.3507, "orders": 45, "customers": 45, "quantity": 350.0, "discount_amt": 873.4039999999997, "sales_before": 10536.49, "aov": 214.73524444444442, "margin_rate": 0.22636150604475633, "promo_effort": 0.0828932595200109}, {"year_month": "2017-12", "year": 2017.0, "region": "West", "category": "Technology", "sales": 9066.662, "profit": 1082.0727, "orders": 17, "customers": 17, "quantity": 96.0, "discount_amt": 2016.2979999999993, "sales_before": 11082.96, "aov": 533.3330588235294, "margin_rate": 0.119346315104721, "promo_effort": 0.18192775215285442}, {"year_month": "2018-01", "year": 2018.0, "region": "Central", "category": "Furniture", "sales": 2230.009, "profit": -256.17719999999997, "orders": 9, "customers": 9, "quantity": 35.0, "discount_amt": 806.1510000000002, "sales_before": 3036.1600000000003, "aov": 247.77877777777778, "margin_rate": -0.11487720453146152, "promo_effort": 0.26551663943929177}, {"year_month": "2018-01", "year": 2018.0, "region": "Central", "category": "Office Supplies", "sales": 12704.288, "profit": 1724.8842000000002, "orders": 19, "customers": 19, "quantity": 149.0, "discount_amt": 3714.032000000001, "sales_before": 16418.32, "aov": 668.6467368421053, "margin_rate": 0.13577181184809414, "promo_effort": 0.22621266974940196}, {"year_month": "2018-01", "year": 2018.0, "region": "Central", "category": "Technology", "sales": 6756.3589999999995, "profit": 1397.2275, "orders": 6, "customers": 6, "quantity": 40.0, "discount_amt": 907.4309999999998, "sales_before": 7663.79, "aov": 1126.0598333333332, "margin_rate": 0.20680184401095325, "promo_effort": 0.11840499282991833}, {"year_month": "2018-01", "year": 2018.0, "region": "East", "category": "Furniture", "sales": 1213.661, "profit": -30.2911, "orders": 4, "customers": 4, "quantity": 14.0, "discount_amt": 423.569, "sales_before": 1637.23, "aov": 303.41525, "margin_rate": -0.02495845215426713, "promo_effort": 0.258710749253312}, {"year_month": "2018-01", "year": 2018.0, "region": "East", "category": "Office Supplies", "sales": 2972.215, "profit": 321.9001, "orders": 10, "customers": 10, "quantity": 42.0, "discount_amt": 1140.2349999999997, "sales_before": 4112.45, "aov": 297.2215, "margin_rate": 0.10830310054959012, "promo_effort": 0.2772641612663983}, {"year_month": "2018-01", "year": 2018.0, "region": "East", "category": "Technology", "sales": 1197.408, "profit": 64.2604, "orders": 4, "customers": 4, "quantity": 20.0, "discount_amt": 376.38200000000006, "sales_before": 1573.7900000000002, "aov": 299.352, "margin_rate": 0.053666252438600716, "promo_effort": 0.23915643129007047}, {"year_month": "2018-01", "year": 2018.0, "region": "South", "category": "Furniture", "sales": 481.856, "profit": -43.6488, "orders": 2, "customers": 2, "quantity": 8.0, "discount_amt": 104.78399999999993, "sales_before": 586.64, "aov": 240.928, "margin_rate": -0.09058473900916457, "promo_effort": 0.17861720987317595}, {"year_month": "2018-01", "year": 2018.0, "region": "South", "category": "Office Supplies", "sales": 578.2, "profit": 9.7053, "orders": 8, "customers": 8, "quantity": 65.0, "discount_amt": 319.8399999999999, "sales_before": 898.04, "aov": 72.275, "margin_rate": 0.01678536838464199, "promo_effort": 0.35615340073938795}, {"year_month": "2018-01", "year": 2018.0, "region": "South", "category": "Technology", "sales": 3755.5339999999997, "profit": 744.2458, "orders": 4, "customers": 4, "quantity": 16.0, "discount_amt": 725.676, "sales_before": 4481.21, "aov": 938.8834999999999, "margin_rate": 0.19817309602309555, "promo_effort": 0.16193751241294205}, {"year_month": "2018-01", "year": 2018.0, "region": "West", "category": "Furniture", "sales": 2038.506, "profit": 290.6769, "orders": 6, "customers": 6, "quantity": 29.0, "discount_amt": 130.11399999999998, "sales_before": 2168.62, "aov": 339.75100000000003, "margin_rate": 0.14259310495039013, "promo_effort": 0.05999852440722671}, {"year_month": "2018-01", "year": 2018.0, "region": "West", "category": "Office Supplies", "sales": 5019.586, "profit": 1203.9571, "orders": 17, "customers": 17, "quantity": 139.0, "discount_amt": 699.8539999999997, "sales_before": 5719.44, "aov": 295.2697647058824, "margin_rate": 0.23985187224603782, "promo_effort": 0.12236407760200295}, {"year_month": "2018-01", "year": 2018.0, "region": "West", "category": "Technology", "sales": 5023.7519999999995, "profit": 1713.6989, "orders": 11, "customers": 11, "quantity": 40.0, "discount_amt": 396.8179999999999, "sales_before": 5420.57, "aov": 456.7047272727272, "margin_rate": 0.3411193267502059, "promo_effort": 0.07320595435535376}, {"year_month": "2018-02", "year": 2018.0, "region": "Central", "category": "Furniture", "sales": 1204.4604, "profit": -327.37230000000005, "orders": 5, "customers": 5, "quantity": 11.0, "discount_amt": 831.0696, "sales_before": 2035.53, "aov": 240.89208, "margin_rate": -0.27179996951331903, "promo_effort": 0.40828167602540866}, {"year_month": "2018-02", "year": 2018.0, "region": "Central", "category": "Office Supplies", "sales": 1391.346, "profit": -608.0694, "orders": 8, "customers": 8, "quantity": 56.0, "discount_amt": 2238.5940000000005, "sales_before": 3629.9400000000005, "aov": 173.91825, "margin_rate": -0.437036797460876, "promo_effort": 0.616702755417445}, {"year_month": "2018-02", "year": 2018.0, "region": "Central", "category": "Technology", "sales": 739.0160000000001, "profit": -63.7439, "orders": 4, "customers": 4, "quantity": 8.0, "discount_amt": 184.7539999999999, "sales_before": 923.77, "aov": 184.75400000000002, "margin_rate": -0.08625510137804863, "promo_effort": 0.1999999999999999}, {"year_month": "2018-02", "year": 2018.0, "region": "East", "category": "Furniture", "sales": 1773.896, "profit": -84.5436, "orders": 3, "customers": 3, "quantity": 15.0, "discount_amt": 794.0740000000001, "sales_before": 2567.9700000000003, "aov": 591.2986666666667, "margin_rate": -0.047659840261210354, "promo_effort": 0.30922245976393803}, {"year_month": "2018-02", "year": 2018.0, "region": "East", "category": "Office Supplies", "sales": 1514.8120000000001, "profit": 314.7335, "orders": 15, "customers": 15, "quantity": 67.0, "discount_amt": 175.96799999999996, "sales_before": 1690.78, "aov": 100.98746666666668, "margin_rate": 0.20777066725111762, "promo_effort": 0.10407504228817467}, {"year_month": "2018-02", "year": 2018.0, "region": "East", "category": "Technology", "sales": 1679.814, "profit": 264.2632, "orders": 5, "customers": 5, "quantity": 18.0, "discount_amt": 408.32599999999985, "sales_before": 2088.14, "aov": 335.9628, "margin_rate": 0.15731694104228205, "promo_effort": 0.19554531784267332}, {"year_month": "2018-02", "year": 2018.0, "region": "South", "category": "Furniture", "sales": 788.674, "profit": 62.853199999999994, "orders": 2, "customers": 2, "quantity": 10.0, "discount_amt": 107.17599999999999, "sales_before": 895.85, "aov": 394.337, "margin_rate": 0.07969477883130419, "promo_effort": 0.1196360997934922}, {"year_month": "2018-02", "year": 2018.0, "region": "South", "category": "Office Supplies", "sales": 1365.038, "profit": 399.065, "orders": 2, "customers": 2, "quantity": 12.0, "discount_amt": 37.882, "sales_before": 1402.9199999999998, "aov": 682.519, "margin_rate": 0.29234717275269995, "promo_effort": 0.027002252444900638}, {"year_month": "2018-02", "year": 2018.0, "region": "South", "category": "Technology", "sales": 29.16, "profit": 8.4564, "orders": 1, "customers": 1, "quantity": 3.0, "discount_amt": 0.0, "sales_before": 29.16, "aov": 29.16, "margin_rate": 0.29000000000000004, "promo_effort": 0.0}, {"year_month": "2018-02", "year": 2018.0, "region": "West", "category": "Furniture", "sales": 3099.3070000000002, "profit": 150.0206, "orders": 11, "customers": 11, "quantity": 35.0, "discount_amt": 903.9229999999998, "sales_before": 4003.23, "aov": 281.7551818181818, "margin_rate": 0.048404562697402995, "promo_effort": 0.2257984177776445}, {"year_month": "2018-02", "year": 2018.0, "region": "West", "category": "Office Supplies", "sales": 3136.576, "profit": 848.0962, "orders": 17, "customers": 17, "quantity": 87.0, "discount_amt": 30.883999999999986, "sales_before": 3167.46, "aov": 184.5044705882353, "margin_rate": 0.27038917596767936, "promo_effort": 0.009750399373630602}, {"year_month": "2018-02", "year": 2018.0, "region": "West", "category": "Technology", "sales": 3579.034, "profit": 650.1131, "orders": 10, "customers": 10, "quantity": 41.0, "discount_amt": 667.3859999999999, "sales_before": 4246.42, "aov": 357.90340000000003, "margin_rate": 0.18164485165550256, "promo_effort": 0.15716438788438258}, {"year_month": "2018-03", "year": 2018.0, "region": "Central", "category": "Furniture", "sales": 7286.7988000000005, "profit": 641.7256, "orders": 11, "customers": 11, "quantity": 47.0, "discount_amt": 1643.6512000000002, "sales_before": 8930.45, "aov": 662.4362545454546, "margin_rate": 0.08806687512766236, "promo_effort": 0.1840502102357664}, {"year_month": "2018-03", "year": 2018.0, "region": "Central", "category": "Office Supplies", "sales": 3236.214, "profit": 347.2945, "orders": 23, "customers": 23, "quantity": 137.0, "discount_amt": 1611.6160000000002, "sales_before": 4847.830000000001, "aov": 140.70495652173912, "margin_rate": 0.10731506012890372, "promo_effort": 0.3324407002720805}, {"year_month": "2018-03", "year": 2018.0, "region": "Central", "category": "Technology", "sales": 4981.566, "profit": 1065.6241, "orders": 9, "customers": 9, "quantity": 34.0, "discount_amt": 1257.8939999999998, "sales_before": 6239.46, "aov": 553.5073333333333, "margin_rate": 0.21391347620406917, "promo_effort": 0.20160302333855812}, {"year_month": "2018-03", "year": 2018.0, "region": "East", "category": "Furniture", "sales": 1579.212, "profit": 146.5061, "orders": 11, "customers": 11, "quantity": 29.0, "discount_amt": 250.06799999999998, "sales_before": 1829.28, "aov": 143.56472727272728, "margin_rate": 0.09277164813843866, "promo_effort": 0.13670296510102334}, {"year_month": "2018-03", "year": 2018.0, "region": "East", "category": "Office Supplies", "sales": 2256.572, "profit": 669.2537, "orders": 21, "customers": 21, "quantity": 125.0, "discount_amt": 134.03799999999995, "sales_before": 2390.61, "aov": 107.45580952380953, "margin_rate": 0.29657981221073376, "promo_effort": 0.05606853480910728}, {"year_month": "2018-03", "year": 2018.0, "region": "East", "category": "Technology", "sales": 3864.172, "profit": 372.3681, "orders": 16, "customers": 16, "quantity": 73.0, "discount_amt": 944.3679999999999, "sales_before": 4808.54, "aov": 241.51075, "margin_rate": 0.096364266393939, "promo_effort": 0.19639391582476176}, {"year_month": "2018-03", "year": 2018.0, "region": "South", "category": "Furniture", "sales": 353.1, "profit": 84.04, "orders": 2, "customers": 2, "quantity": 7.0, "discount_amt": 0.0, "sales_before": 353.1, "aov": 176.55, "margin_rate": 0.23800623052959502, "promo_effort": 0.0}, {"year_month": "2018-03", "year": 2018.0, "region": "South", "category": "Office Supplies", "sales": 2059.42, "profit": 479.5158, "orders": 12, "customers": 12, "quantity": 72.0, "discount_amt": 220.38999999999996, "sales_before": 2279.81, "aov": 171.61833333333334, "margin_rate": 0.23284021714851755, "promo_effort": 0.09667033656313463}, {"year_month": "2018-03", "year": 2018.0, "region": "South", "category": "Technology", "sales": 4231.2, "profit": 1830.5183000000002, "orders": 5, "customers": 5, "quantity": 23.0, "discount_amt": 0.0, "sales_before": 4231.2, "aov": 846.24, "margin_rate": 0.43262391283796564, "promo_effort": 0.0}, {"year_month": "2018-03", "year": 2018.0, "region": "West", "category": "Furniture", "sales": 1674.334, "profit": 128.5815, "orders": 7, "customers": 7, "quantity": 40.0, "discount_amt": 316.79599999999994, "sales_before": 1991.1299999999999, "aov": 239.19057142857145, "margin_rate": 0.07679560947815668, "promo_effort": 0.15910362457499005}, {"year_month": "2018-03", "year": 2018.0, "region": "West", "category": "Office Supplies", "sales": 6998.08, "profit": 1219.8984, "orders": 31, "customers": 30, "quantity": 223.0, "discount_amt": 524.3499999999999, "sales_before": 7522.43, "aov": 225.74451612903226, "margin_rate": 0.17431901321505328, "promo_effort": 0.06970486930420089}, {"year_month": "2018-03", "year": 2018.0, "region": "West", "category": "Technology", "sales": 20351.683999999997, "profit": 7766.5653999999995, "orders": 14, "customers": 14, "quantity": 75.0, "discount_amt": 932.5059999999996, "sales_before": 21284.19, "aov": 1453.6917142857142, "margin_rate": 0.3816178258270913, "promo_effort": 0.04381214413139517}, {"year_month": "2018-04", "year": 2018.0, "region": "Central", "category": "Furniture", "sales": 1179.1316, "profit": 30.997100000000003, "orders": 5, "customers": 5, "quantity": 20.0, "discount_amt": 330.9584, "sales_before": 1510.09, "aov": 235.82631999999998, "margin_rate": 0.026288075054557103, "promo_effort": 0.21916468554854346}, {"year_month": "2018-04", "year": 2018.0, "region": "Central", "category": "Office Supplies", "sales": 1521.1, "profit": -39.05499999999999, "orders": 19, "customers": 19, "quantity": 95.0, "discount_amt": 894.1900000000002, "sales_before": 2415.29, "aov": 80.0578947368421, "margin_rate": -0.025675497994872128, "promo_effort": 0.3702205532254927}, {"year_month": "2018-04", "year": 2018.0, "region": "Central", "category": "Technology", "sales": 682.8919999999999, "profit": 132.6421, "orders": 4, "customers": 4, "quantity": 16.0, "discount_amt": 131.88799999999998, "sales_before": 814.78, "aov": 170.72299999999998, "margin_rate": 0.19423583817060386, "promo_effort": 0.1618694616951815}, {"year_month": "2018-04", "year": 2018.0, "region": "East", "category": "Furniture", "sales": 2745.156, "profit": 225.7766, "orders": 9, "customers": 9, "quantity": 40.0, "discount_amt": 877.2840000000001, "sales_before": 3622.44, "aov": 305.01733333333334, "margin_rate": 0.08224545344599725, "promo_effort": 0.2421804087852387}, {"year_month": "2018-04", "year": 2018.0, "region": "East", "category": "Office Supplies", "sales": 6328.458, "profit": 1069.7082, "orders": 29, "customers": 29, "quantity": 150.0, "discount_amt": 665.2119999999998, "sales_before": 6993.669999999999, "aov": 218.2226896551724, "margin_rate": 0.16903141333955288, "promo_effort": 0.09511629802378434}, {"year_month": "2018-04", "year": 2018.0, "region": "East", "category": "Technology", "sales": 1157.2920000000001, "profit": -95.975, "orders": 6, "customers": 6, "quantity": 16.0, "discount_amt": 540.0880000000002, "sales_before": 1697.38, "aov": 192.88200000000003, "margin_rate": -0.08293066918288555, "promo_effort": 0.31818920925190597}, {"year_month": "2018-04", "year": 2018.0, "region": "South", "category": "Furniture", "sales": 2846.9925000000003, "profit": -320.52570000000003, "orders": 10, "customers": 10, "quantity": 56.0, "discount_amt": 1048.2374999999997, "sales_before": 3895.23, "aov": 284.69925, "margin_rate": -0.11258396360369759, "promo_effort": 0.2691079859212421}, {"year_month": "2018-04", "year": 2018.0, "region": "South", "category": "Office Supplies", "sales": 4553.8769999999995, "profit": 1442.9978, "orders": 20, "customers": 19, "quantity": 85.0, "discount_amt": 288.7129999999999, "sales_before": 4842.589999999999, "aov": 227.69384999999997, "margin_rate": 0.31687237050978767, "promo_effort": 0.05961954243493667}, {"year_month": "2018-04", "year": 2018.0, "region": "South", "category": "Technology", "sales": 2046.884, "profit": 234.1787, "orders": 8, "customers": 8, "quantity": 21.0, "discount_amt": 415.22599999999983, "sales_before": 2462.1099999999997, "aov": 255.8605, "margin_rate": 0.11440741146054197, "promo_effort": 0.16864640491285926}, {"year_month": "2018-04", "year": 2018.0, "region": "West", "category": "Furniture", "sales": 2294.678, "profit": 266.2144, "orders": 13, "customers": 13, "quantity": 59.0, "discount_amt": 330.88200000000006, "sales_before": 2625.56, "aov": 176.5136923076923, "margin_rate": 0.11601383723555114, "promo_effort": 0.1260234007221317}, {"year_month": "2018-04", "year": 2018.0, "region": "West", "category": "Office Supplies", "sales": 2668.756, "profit": 896.9505, "orders": 21, "customers": 21, "quantity": 138.0, "discount_amt": 416.69399999999985, "sales_before": 3085.45, "aov": 127.08361904761904, "margin_rate": 0.3360931085494515, "promo_effort": 0.1350512891150399}, {"year_month": "2018-04", "year": 2018.0, "region": "West", "category": "Technology", "sales": 8496.319000000001, "profit": -2910.6197, "orders": 7, "customers": 7, "quantity": 37.0, "discount_amt": 7287.960999999998, "sales_before": 15784.28, "aov": 1213.7598571428573, "margin_rate": -0.3425742018396437, "promo_effort": 0.46172273933305785}, {"year_month": "2018-05", "year": 2018.0, "region": "Central", "category": "Furniture", "sales": 4559.9662, "profit": 398.5394, "orders": 11, "customers": 11, "quantity": 43.0, "discount_amt": 1045.8538000000003, "sales_before": 5605.82, "aov": 414.5423818181818, "margin_rate": 0.08739963905872812, "promo_effort": 0.18656571206353403}, {"year_month": "2018-05", "year": 2018.0, "region": "Central", "category": "Office Supplies", "sales": 5555.784, "profit": 1082.3155, "orders": 22, "customers": 22, "quantity": 164.0, "discount_amt": 706.386, "sales_before": 6262.17, "aov": 252.53563636363634, "margin_rate": 0.19480877946298847, "promo_effort": 0.11280211172804315}, {"year_month": "2018-05", "year": 2018.0, "region": "Central", "category": "Technology", "sales": 1473.104, "profit": 284.3367, "orders": 8, "customers": 8, "quantity": 27.0, "discount_amt": 192.54599999999994, "sales_before": 1665.65, "aov": 184.138, "margin_rate": 0.19301875495552248, "promo_effort": 0.11559811485005848}, {"year_month": "2018-05", "year": 2018.0, "region": "East", "category": "Furniture", "sales": 2419.448, "profit": -71.5198, "orders": 13, "customers": 13, "quantity": 51.0, "discount_amt": 644.9720000000001, "sales_before": 3064.42, "aov": 186.1113846153846, "margin_rate": -0.029560379061670267, "promo_effort": 0.21047114951605853}, {"year_month": "2018-05", "year": 2018.0, "region": "East", "category": "Office Supplies", "sales": 2218.583, "profit": 510.98609999999996, "orders": 21, "customers": 21, "quantity": 99.0, "discount_amt": 618.5269999999998, "sales_before": 2837.1099999999997, "aov": 105.64680952380952, "margin_rate": 0.23032093007113097, "promo_effort": 0.21801304848948397}, {"year_month": "2018-05", "year": 2018.0, "region": "East", "category": "Technology", "sales": 1481.3380000000002, "profit": 404.44780000000003, "orders": 6, "customers": 6, "quantity": 27.0, "discount_amt": 9.012, "sales_before": 1490.35, "aov": 246.8896666666667, "margin_rate": 0.2730287078303534, "promo_effort": 0.006046901734491898}, {"year_month": "2018-05", "year": 2018.0, "region": "South", "category": "Furniture", "sales": 7056.576, "profit": 37.14339999999999, "orders": 8, "customers": 8, "quantity": 37.0, "discount_amt": 1673.4839999999997, "sales_before": 8730.06, "aov": 882.072, "margin_rate": 0.005263657615251362, "promo_effort": 0.19169215331853387}, {"year_month": "2018-05", "year": 2018.0, "region": "South", "category": "Office Supplies", "sales": 2084.355, "profit": 681.0355, "orders": 20, "customers": 20, "quantity": 104.0, "discount_amt": 255.53499999999994, "sales_before": 2339.89, "aov": 104.21775, "margin_rate": 0.32673680826922474, "promo_effort": 0.10920812516827712}, {"year_month": "2018-05", "year": 2018.0, "region": "South", "category": "Technology", "sales": 1802.81, "profit": 364.55789999999996, "orders": 7, "customers": 7, "quantity": 31.0, "discount_amt": 163.58999999999992, "sales_before": 1966.3999999999999, "aov": 257.5442857142857, "margin_rate": 0.20221648426622882, "promo_effort": 0.08319263628966636}, {"year_month": "2018-05", "year": 2018.0, "region": "West", "category": "Furniture", "sales": 2921.568, "profit": -437.0459, "orders": 12, "customers": 12, "quantity": 53.0, "discount_amt": 1258.562, "sales_before": 4180.13, "aov": 243.46400000000003, "margin_rate": -0.14959292407364813, "promo_effort": 0.30108202376481114}, {"year_month": "2018-05", "year": 2018.0, "region": "West", "category": "Office Supplies", "sales": 3878.242, "profit": 879.3888999999999, "orders": 28, "customers": 28, "quantity": 177.0, "discount_amt": 151.19799999999998, "sales_before": 4029.44, "aov": 138.50864285714286, "margin_rate": 0.22674936221102238, "promo_effort": 0.03752332830368487}, {"year_month": "2018-05", "year": 2018.0, "region": "West", "category": "Technology", "sales": 8809.336, "profit": 2208.3973, "orders": 17, "customers": 17, "quantity": 74.0, "discount_amt": 1691.733999999999, "sales_before": 10501.07, "aov": 518.1962352941176, "margin_rate": 0.2506882811598968, "promo_effort": 0.16110110683958864}, {"year_month": "2018-06", "year": 2018.0, "region": "Central", "category": "Furniture", "sales": 5340.7652, "profit": 109.19400000000002, "orders": 10, "customers": 10, "quantity": 47.0, "discount_amt": 1191.1648000000002, "sales_before": 6531.93, "aov": 534.07652, "margin_rate": 0.020445384867322013, "promo_effort": 0.1823603131080707}, {"year_month": "2018-06", "year": 2018.0, "region": "Central", "category": "Office Supplies", "sales": 4775.696, "profit": 649.8401, "orders": 26, "customers": 26, "quantity": 133.0, "discount_amt": 1387.624, "sales_before": 6163.32, "aov": 183.68061538461538, "margin_rate": 0.13607233374988692, "promo_effort": 0.2251422934392503}, {"year_month": "2018-06", "year": 2018.0, "region": "Central", "category": "Technology", "sales": 2850.2999999999997, "profit": 450.46229999999997, "orders": 8, "customers": 8, "quantity": 28.0, "discount_amt": 512.4999999999998, "sales_before": 3362.7999999999997, "aov": 356.28749999999997, "margin_rate": 0.15804031154615303, "promo_effort": 0.15240275960509095}, {"year_month": "2018-06", "year": 2018.0, "region": "East", "category": "Furniture", "sales": 4832.552, "profit": 10.893900000000002, "orders": 10, "customers": 10, "quantity": 46.0, "discount_amt": 1528.9180000000001, "sales_before": 6361.47, "aov": 483.25519999999995, "margin_rate": 0.002254274760002583, "promo_effort": 0.24034036158309321}, {"year_month": "2018-06", "year": 2018.0, "region": "East", "category": "Office Supplies", "sales": 4279.501, "profit": 1005.5657, "orders": 26, "customers": 26, "quantity": 144.0, "discount_amt": 378.6189999999999, "sales_before": 4658.12, "aov": 164.59619230769232, "margin_rate": 0.2349726521853833, "promo_effort": 0.08128150412612813}, {"year_month": "2018-06", "year": 2018.0, "region": "East", "category": "Technology", "sales": 6049.172, "profit": 2085.3002, "orders": 12, "customers": 12, "quantity": 72.0, "discount_amt": 876.8580000000001, "sales_before": 6926.03, "aov": 504.0976666666666, "margin_rate": 0.34472489788685134, "promo_effort": 0.12660326334133698}, {"year_month": "2018-06", "year": 2018.0, "region": "South", "category": "Furniture", "sales": 2301.988, "profit": 192.57399999999998, "orders": 10, "customers": 10, "quantity": 34.0, "discount_amt": 437.1719999999999, "sales_before": 2739.16, "aov": 230.19879999999998, "margin_rate": 0.08365551862129603, "promo_effort": 0.15960075351567632}, {"year_month": "2018-06", "year": 2018.0, "region": "South", "category": "Office Supplies", "sales": 2497.754, "profit": 425.1397, "orders": 18, "customers": 16, "quantity": 98.0, "discount_amt": 476.1759999999999, "sales_before": 2973.93, "aov": 138.7641111111111, "margin_rate": 0.17020879558195084, "promo_effort": 0.16011674787234398}, {"year_month": "2018-06", "year": 2018.0, "region": "South", "category": "Technology", "sales": 4134.178, "profit": 514.8484, "orders": 5, "customers": 5, "quantity": 28.0, "discount_amt": 843.0619999999998, "sales_before": 4977.24, "aov": 826.8356, "margin_rate": 0.12453464751638657, "promo_effort": 0.16938343338878573}, {"year_month": "2018-06", "year": 2018.0, "region": "West", "category": "Furniture", "sales": 6533.2815, "profit": 592.3337, "orders": 13, "customers": 13, "quantity": 49.0, "discount_amt": 1040.1785000000002, "sales_before": 7573.46, "aov": 502.5601153846154, "margin_rate": 0.09066404072746598, "promo_effort": 0.13734521605712582}, {"year_month": "2018-06", "year": 2018.0, "region": "West", "category": "Office Supplies", "sales": 5359.088, "profit": 1298.4366, "orders": 33, "customers": 33, "quantity": 191.0, "discount_amt": 690.4219999999998, "sales_before": 6049.51, "aov": 162.39660606060605, "margin_rate": 0.24228685925664964, "promo_effort": 0.11412858231493125}, {"year_month": "2018-06", "year": 2018.0, "region": "West", "category": "Technology", "sales": 4027.4500000000003, "profit": 888.7471, "orders": 13, "customers": 13, "quantity": 61.0, "discount_amt": 383.3599999999999, "sales_before": 4410.8099999999995, "aov": 309.80384615384617, "margin_rate": 0.22067241058237844, "promo_effort": 0.08691374146698677}, {"year_month": "2018-07", "year": 2018.0, "region": "Central", "category": "Furniture", "sales": 2301.744, "profit": -323.45259999999996, "orders": 8, "customers": 8, "quantity": 35.0, "discount_amt": 917.8860000000001, "sales_before": 3219.63, "aov": 287.718, "margin_rate": -0.14052501060065756, "promo_effort": 0.28509052282405123}, {"year_month": "2018-07", "year": 2018.0, "region": "Central", "category": "Office Supplies", "sales": 4152.928, "profit": 774.6414, "orders": 22, "customers": 22, "quantity": 144.0, "discount_amt": 1042.5720000000001, "sales_before": 5195.5, "aov": 188.76945454545455, "margin_rate": 0.1865289742562356, "promo_effort": 0.20066827061880477}, {"year_month": "2018-07", "year": 2018.0, "region": "Central", "category": "Technology", "sales": 2418.284, "profit": 576.6015, "orders": 9, "customers": 9, "quantity": 29.0, "discount_amt": 480.4759999999999, "sales_before": 2898.76, "aov": 268.6982222222222, "margin_rate": 0.2384341541357425, "promo_effort": 0.1657522526873559}, {"year_month": "2018-07", "year": 2018.0, "region": "East", "category": "Furniture", "sales": 2821.529, "profit": 128.656, "orders": 14, "customers": 14, "quantity": 57.0, "discount_amt": 790.841, "sales_before": 3612.37, "aov": 201.53778571428572, "margin_rate": 0.04559797187978575, "promo_effort": 0.2189258021741959}, {"year_month": "2018-07", "year": 2018.0, "region": "East", "category": "Office Supplies", "sales": 3226.86, "profit": 831.6523, "orders": 27, "customers": 26, "quantity": 162.0, "discount_amt": 537.4599999999999, "sales_before": 3764.32, "aov": 119.51333333333334, "margin_rate": 0.2577280390224552, "promo_effort": 0.14277744718833676}, {"year_month": "2018-07", "year": 2018.0, "region": "East", "category": "Technology", "sales": 6273.434, "profit": 157.8154, "orders": 16, "customers": 16, "quantity": 79.0, "discount_amt": 2609.266, "sales_before": 8882.7, "aov": 392.089625, "margin_rate": 0.025156142552866582, "promo_effort": 0.2937469463113693}, {"year_month": "2018-07", "year": 2018.0, "region": "South", "category": "Furniture", "sales": 2002.886, "profit": 295.2547, "orders": 9, "customers": 9, "quantity": 28.0, "discount_amt": 193.844, "sales_before": 2196.73, "aov": 222.54288888888888, "margin_rate": 0.14741463068791735, "promo_effort": 0.0882420688933096}, {"year_month": "2018-07", "year": 2018.0, "region": "South", "category": "Office Supplies", "sales": 651.858, "profit": 129.996, "orders": 5, "customers": 5, "quantity": 33.0, "discount_amt": 12.191999999999997, "sales_before": 664.05, "aov": 130.3716, "margin_rate": 0.19942380088915074, "promo_effort": 0.018360063248249375}, {"year_month": "2018-07", "year": 2018.0, "region": "South", "category": "Technology", "sales": 647.354, "profit": 152.70170000000002, "orders": 5, "customers": 5, "quantity": 16.0, "discount_amt": 21.855999999999995, "sales_before": 669.21, "aov": 129.4708, "margin_rate": 0.23588592949143747, "promo_effort": 0.03265940437231959}, {"year_month": "2018-07", "year": 2018.0, "region": "West", "category": "Furniture", "sales": 4686.863, "profit": 224.1663, "orders": 14, "customers": 14, "quantity": 63.0, "discount_amt": 1308.167, "sales_before": 5995.03, "aov": 334.7759285714286, "margin_rate": 0.04782864359380677, "promo_effort": 0.21820858277606617}, {"year_month": "2018-07", "year": 2018.0, "region": "West", "category": "Office Supplies", "sales": 2209.822, "profit": 826.9948, "orders": 21, "customers": 21, "quantity": 120.0, "discount_amt": 79.23799999999997, "sales_before": 2289.06, "aov": 105.22961904761905, "margin_rate": 0.3742359339349504, "promo_effort": 0.034615955894559326}, {"year_month": "2018-07", "year": 2018.0, "region": "West", "category": "Technology", "sales": 13870.854, "profit": 3177.5937, "orders": 13, "customers": 13, "quantity": 74.0, "discount_amt": 2167.2959999999994, "sales_before": 16038.15, "aov": 1066.988769230769, "margin_rate": 0.22908421500219092, "promo_effort": 0.13513379036858986}, {"year_month": "2018-08", "year": 2018.0, "region": "Central", "category": "Furniture", "sales": 461.00800000000004, "profit": -79.4194, "orders": 4, "customers": 4, "quantity": 15.0, "discount_amt": 233.172, "sales_before": 694.1800000000001, "aov": 115.25200000000001, "margin_rate": -0.17227336618887307, "promo_effort": 0.33589558904030653}, {"year_month": "2018-08", "year": 2018.0, "region": "Central", "category": "Office Supplies", "sales": 2344.942, "profit": 433.80989999999997, "orders": 20, "customers": 20, "quantity": 161.0, "discount_amt": 556.348, "sales_before": 2901.29, "aov": 117.2471, "margin_rate": 0.18499813641446142, "promo_effort": 0.19175883830985527}, {"year_month": "2018-08", "year": 2018.0, "region": "Central", "category": "Technology", "sales": 3447.044, "profit": 176.98210000000003, "orders": 8, "customers": 8, "quantity": 28.0, "discount_amt": 1062.1960000000001, "sales_before": 4509.240000000001, "aov": 430.8805, "margin_rate": 0.05134315082720152, "promo_effort": 0.23555987261711508}, {"year_month": "2018-08", "year": 2018.0, "region": "East", "category": "Furniture", "sales": 8848.094, "profit": -544.115, "orders": 8, "customers": 8, "quantity": 40.0, "discount_amt": 2922.6060000000007, "sales_before": 11770.7, "aov": 1106.01175, "margin_rate": -0.06149516494738868, "promo_effort": 0.24829500369561713}, {"year_month": "2018-08", "year": 2018.0, "region": "East", "category": "Office Supplies", "sales": 9556.474, "profit": 2150.0158, "orders": 24, "customers": 24, "quantity": 144.0, "discount_amt": 2014.2659999999998, "sales_before": 11570.74, "aov": 398.1864166666667, "margin_rate": 0.22498002924509605, "promo_effort": 0.17408272936735247}, {"year_month": "2018-08", "year": 2018.0, "region": "East", "category": "Technology", "sales": 2353.898, "profit": 577.0186, "orders": 5, "customers": 5, "quantity": 25.0, "discount_amt": 279.972, "sales_before": 2633.87, "aov": 470.7796, "margin_rate": 0.24513322157544631, "promo_effort": 0.10629681799025768}, {"year_month": "2018-08", "year": 2018.0, "region": "South", "category": "Furniture", "sales": 1485.9560000000001, "profit": 304.05240000000003, "orders": 4, "customers": 4, "quantity": 17.0, "discount_amt": 114.60399999999991, "sales_before": 1600.56, "aov": 371.48900000000003, "margin_rate": 0.2046173641749823, "promo_effort": 0.07160243914629874}, {"year_month": "2018-08", "year": 2018.0, "region": "South", "category": "Office Supplies", "sales": 3298.146, "profit": -736.2719999999999, "orders": 13, "customers": 13, "quantity": 84.0, "discount_amt": 4067.673999999999, "sales_before": 7365.820000000001, "aov": 253.70353846153847, "margin_rate": -0.22323814652231888, "promo_effort": 0.5522364108816125}, {"year_month": "2018-08", "year": 2018.0, "region": "South", "category": "Technology", "sales": 5587.432, "profit": 613.3575, "orders": 8, "customers": 8, "quantity": 32.0, "discount_amt": 1189.347999999999, "sales_before": 6776.779999999999, "aov": 698.429, "margin_rate": 0.10977449032041911, "promo_effort": 0.17550341017415338}, {"year_month": "2018-08", "year": 2018.0, "region": "West", "category": "Furniture", "sales": 4646.816, "profit": 641.721, "orders": 14, "customers": 14, "quantity": 55.0, "discount_amt": 684.0239999999998, "sales_before": 5330.839999999999, "aov": 331.91542857142855, "margin_rate": 0.1380990768732827, "promo_effort": 0.12831448702268308}, {"year_month": "2018-08", "year": 2018.0, "region": "West", "category": "Office Supplies", "sales": 14860.29, "profit": 4220.3045, "orders": 32, "customers": 31, "quantity": 224.0, "discount_amt": 1263.3999999999994, "sales_before": 16123.689999999999, "aov": 464.3840625, "margin_rate": 0.28399879813920187, "promo_effort": 0.07835675332383589}, {"year_month": "2018-08", "year": 2018.0, "region": "West", "category": "Technology", "sales": 6230.7880000000005, "profit": 1283.5003, "orders": 11, "customers": 11, "quantity": 59.0, "discount_amt": 831.7119999999999, "sales_before": 7062.5, "aov": 566.4352727272727, "margin_rate": 0.20599325478575098, "promo_effort": 0.11776453097345131}, {"year_month": "2018-09", "year": 2018.0, "region": "Central", "category": "Furniture", "sales": 5034.307, "profit": -553.4614, "orders": 12, "customers": 12, "quantity": 61.0, "discount_amt": 1984.1530000000002, "sales_before": 7018.46, "aov": 419.5255833333333, "margin_rate": -0.10993795173794527, "promo_effort": 0.2827048953759087}, {"year_month": "2018-09", "year": 2018.0, "region": "Central", "category": "Office Supplies", "sales": 4572.416, "profit": -312.9779000000001, "orders": 36, "customers": 35, "quantity": 222.0, "discount_amt": 4052.7240000000015, "sales_before": 8625.140000000001, "aov": 127.01155555555556, "margin_rate": -0.06844913061278765, "promo_effort": 0.46987341654744164}, {"year_month": "2018-09", "year": 2018.0, "region": "Central", "category": "Technology", "sales": 7736.273999999999, "profit": 1996.9054, "orders": 17, "customers": 17, "quantity": 81.0, "discount_amt": 856.7259999999998, "sales_before": 8593.0, "aov": 455.07494117647053, "margin_rate": 0.2581223726046932, "promo_effort": 0.0997004538577912}, {"year_month": "2018-09", "year": 2018.0, "region": "East", "category": "Furniture", "sales": 10993.651, "profit": 1420.5381, "orders": 18, "customers": 17, "quantity": 106.0, "discount_amt": 1532.1189999999997, "sales_before": 12525.77, "aov": 610.7583888888889, "margin_rate": 0.1292144074793715, "promo_effort": 0.12231735055010587}, {"year_month": "2018-09", "year": 2018.0, "region": "East", "category": "Office Supplies", "sales": 8761.802, "profit": -376.70329999999996, "orders": 48, "customers": 46, "quantity": 294.0, "discount_amt": 2814.107999999999, "sales_before": 11575.909999999998, "aov": 182.53754166666667, "margin_rate": -0.04299381565572926, "promo_effort": 0.24310036964696505}, {"year_month": "2018-09", "year": 2018.0, "region": "East", "category": "Technology", "sales": 12660.645, "profit": 1448.8115, "orders": 24, "customers": 24, "quantity": 114.0, "discount_amt": 3503.585, "sales_before": 16164.23, "aov": 527.526875, "margin_rate": 0.11443425670651061, "promo_effort": 0.21674926674515274}, {"year_month": "2018-09", "year": 2018.0, "region": "South", "category": "Furniture", "sales": 1309.2, "profit": 153.8498, "orders": 6, "customers": 6, "quantity": 18.0, "discount_amt": 141.23999999999992, "sales_before": 1450.4399999999998, "aov": 218.20000000000002, "margin_rate": 0.11751435991445155, "promo_effort": 0.09737734756349793}, {"year_month": "2018-09", "year": 2018.0, "region": "South", "category": "Office Supplies", "sales": 7391.076, "profit": 2022.3802, "orders": 33, "customers": 31, "quantity": 173.0, "discount_amt": 788.0439999999999, "sales_before": 8179.12, "aov": 223.972, "margin_rate": 0.2736245980964071, "promo_effort": 0.09634826240475747}, {"year_month": "2018-09", "year": 2018.0, "region": "South", "category": "Technology", "sales": 1500.244, "profit": 307.6314, "orders": 9, "customers": 9, "quantity": 38.0, "discount_amt": 162.44599999999994, "sales_before": 1662.69, "aov": 166.69377777777777, "margin_rate": 0.20505424450955978, "promo_effort": 0.09770071390337341}, {"year_month": "2018-09", "year": 2018.0, "region": "West", "category": "Furniture", "sales": 11691.047999999999, "profit": 527.7572, "orders": 31, "customers": 31, "quantity": 117.0, "discount_amt": 2656.9719999999993, "sales_before": 14348.019999999999, "aov": 377.1305806451613, "margin_rate": 0.04514199240307627, "promo_effort": 0.1851803942286113}, {"year_month": "2018-09", "year": 2018.0, "region": "West", "category": "Office Supplies", "sales": 11170.548999999999, "profit": 3515.0448, "orders": 62, "customers": 61, "quantity": 357.0, "discount_amt": 2095.6009999999997, "sales_before": 13266.15, "aov": 180.17014516129032, "margin_rate": 0.31467072925422024, "promo_effort": 0.15796602631509515}, {"year_month": "2018-09", "year": 2018.0, "region": "West", "category": "Technology", "sales": 5045.4400000000005, "profit": 841.7798, "orders": 22, "customers": 22, "quantity": 79.0, "discount_amt": 981.8299999999997, "sales_before": 6027.2699999999995, "aov": 229.33818181818185, "margin_rate": 0.1668397206190144, "promo_effort": 0.16289796209560875}, {"year_month": "2018-10", "year": 2018.0, "region": "Central", "category": "Furniture", "sales": 3350.6982000000003, "profit": -721.5726000000001, "orders": 12, "customers": 12, "quantity": 58.0, "discount_amt": 1654.8118000000002, "sales_before": 5005.51, "aov": 279.22485, "margin_rate": -0.2153499231891431, "promo_effort": 0.33059804095886336}, {"year_month": "2018-10", "year": 2018.0, "region": "Central", "category": "Office Supplies", "sales": 4628.352, "profit": 694.1562, "orders": 30, "customers": 29, "quantity": 142.0, "discount_amt": 1114.4180000000003, "sales_before": 5742.77, "aov": 154.2784, "margin_rate": 0.14997912864017257, "promo_effort": 0.19405583020040856}, {"year_month": "2018-10", "year": 2018.0, "region": "Central", "category": "Technology", "sales": 4143.286, "profit": 624.9371, "orders": 10, "customers": 10, "quantity": 40.0, "discount_amt": 670.8439999999998, "sales_before": 4814.13, "aov": 414.3286, "margin_rate": 0.1508312725696464, "promo_effort": 0.13934895817105059}, {"year_month": "2018-10", "year": 2018.0, "region": "East", "category": "Furniture", "sales": 5788.802, "profit": 167.25400000000002, "orders": 14, "customers": 14, "quantity": 71.0, "discount_amt": 987.3580000000002, "sales_before": 6776.16, "aov": 413.4858571428571, "margin_rate": 0.028892679348853187, "promo_effort": 0.14571054992798285}, {"year_month": "2018-10", "year": 2018.0, "region": "East", "category": "Office Supplies", "sales": 3576.604, "profit": 710.7662, "orders": 33, "customers": 33, "quantity": 171.0, "discount_amt": 630.7959999999999, "sales_before": 4207.4, "aov": 108.38193939393939, "margin_rate": 0.19872655737118228, "promo_effort": 0.1499253695869183}, {"year_month": "2018-10", "year": 2018.0, "region": "East", "category": "Technology", "sales": 22939.793999999998, "profit": 6759.8615, "orders": 15, "customers": 15, "quantity": 77.0, "discount_amt": 3478.896, "sales_before": 26418.690000000002, "aov": 1529.3195999999998, "margin_rate": 0.29467838726014717, "promo_effort": 0.13168313796028494}, {"year_month": "2018-10", "year": 2018.0, "region": "South", "category": "Furniture", "sales": 7142.368, "profit": -1510.1113, "orders": 10, "customers": 9, "quantity": 47.0, "discount_amt": 3119.282, "sales_before": 10261.650000000001, "aov": 714.2368, "margin_rate": -0.2114300607305588, "promo_effort": 0.3039747019241545}, {"year_month": "2018-10", "year": 2018.0, "region": "South", "category": "Office Supplies", "sales": 3873.8070000000002, "profit": -863.5865000000001, "orders": 18, "customers": 17, "quantity": 131.0, "discount_amt": 4330.102999999999, "sales_before": 8203.91, "aov": 215.2115, "margin_rate": -0.222929665830022, "promo_effort": 0.5278096663664033}, {"year_month": "2018-10", "year": 2018.0, "region": "South", "category": "Technology", "sales": 1120.776, "profit": 130.4628, "orders": 4, "customers": 4, "quantity": 9.0, "discount_amt": 280.1939999999999, "sales_before": 1400.9699999999998, "aov": 280.194, "margin_rate": 0.11640399152016101, "promo_effort": 0.19999999999999996}, {"year_month": "2018-10", "year": 2018.0, "region": "West", "category": "Furniture", "sales": 5602.2, "profit": -462.4904, "orders": 20, "customers": 20, "quantity": 76.0, "discount_amt": 1822.4199999999996, "sales_before": 7424.62, "aov": 280.11, "margin_rate": -0.08255513905251509, "promo_effort": 0.24545633311873197}, {"year_month": "2018-10", "year": 2018.0, "region": "West", "category": "Office Supplies", "sales": 10958.429, "profit": 3499.4392, "orders": 31, "customers": 30, "quantity": 208.0, "discount_amt": 1641.8009999999997, "sales_before": 12600.23, "aov": 353.4977096774194, "margin_rate": 0.3193376714855751, "promo_effort": 0.13029928818759656}, {"year_month": "2018-10", "year": 2018.0, "region": "West", "category": "Technology", "sales": 4651.807, "profit": 246.15929999999997, "orders": 18, "customers": 18, "quantity": 103.0, "discount_amt": 1716.7329999999995, "sales_before": 6368.54, "aov": 258.43372222222223, "margin_rate": 0.05291692024196188, "promo_effort": 0.2695646097849742}, {"year_month": "2018-11", "year": 2018.0, "region": "Central", "category": "Furniture", "sales": 5068.496, "profit": -518.3203, "orders": 21, "customers": 21, "quantity": 66.0, "discount_amt": 2192.684, "sales_before": 7261.18, "aov": 241.35695238095238, "margin_rate": -0.1022631368358582, "promo_effort": 0.3019735084380225}, {"year_month": "2018-11", "year": 2018.0, "region": "Central", "category": "Office Supplies", "sales": 6016.676, "profit": -1839.8231, "orders": 45, "customers": 44, "quantity": 284.0, "discount_amt": 7476.504000000002, "sales_before": 13493.180000000002, "aov": 133.70391111111113, "margin_rate": -0.3057872985016976, "promo_effort": 0.5540950317123169}, {"year_month": "2018-11", "year": 2018.0, "region": "Central", "category": "Technology", "sales": 4069.806, "profit": 839.548, "orders": 13, "customers": 13, "quantity": 55.0, "discount_amt": 479.52399999999983, "sales_before": 4549.33, "aov": 313.062, "margin_rate": 0.2062869827210437, "promo_effort": 0.10540541134628612}, {"year_month": "2018-11", "year": 2018.0, "region": "East", "category": "Furniture", "sales": 10882.994, "profit": 263.4004, "orders": 23, "customers": 23, "quantity": 129.0, "discount_amt": 3154.146, "sales_before": 14037.14, "aov": 473.17365217391307, "margin_rate": 0.02420293533195001, "promo_effort": 0.22470004573581231}, {"year_month": "2018-11", "year": 2018.0, "region": "East", "category": "Office Supplies", "sales": 12166.422, "profit": 2937.9453, "orders": 51, "customers": 48, "quantity": 277.0, "discount_amt": 1166.3379999999997, "sales_before": 13332.76, "aov": 238.55729411764707, "margin_rate": 0.2414798122241691, "promo_effort": 0.08747911160179886}, {"year_month": "2018-11", "year": 2018.0, "region": "East", "category": "Technology", "sales": 22584.222999999998, "profit": 6188.9111, "orders": 28, "customers": 28, "quantity": 133.0, "discount_amt": 3553.447, "sales_before": 26137.67, "aov": 806.5793928571428, "margin_rate": 0.274036928345952, "promo_effort": 0.13595117697943238}, {"year_month": "2018-11", "year": 2018.0, "region": "South", "category": "Furniture", "sales": 6950.546, "profit": -119.17159999999996, "orders": 13, "customers": 13, "quantity": 54.0, "discount_amt": 2066.404, "sales_before": 9016.95, "aov": 534.6573846153847, "margin_rate": -0.017145645824083452, "promo_effort": 0.22916884312322902}, {"year_month": "2018-11", "year": 2018.0, "region": "South", "category": "Office Supplies", "sales": 6310.291, "profit": 939.907, "orders": 34, "customers": 34, "quantity": 209.0, "discount_amt": 1192.5089999999998, "sales_before": 7502.8, "aov": 185.59679411764705, "margin_rate": 0.1489482814659419, "promo_effort": 0.15894186170496344}, {"year_month": "2018-11", "year": 2018.0, "region": "South", "category": "Technology", "sales": 15456.583999999999, "profit": -2445.5428, "orders": 14, "customers": 14, "quantity": 77.0, "discount_amt": 9150.376, "sales_before": 24606.96, "aov": 1104.0417142857143, "margin_rate": -0.15822013453942996, "promo_effort": 0.3718612945280522}, {"year_month": "2018-11", "year": 2018.0, "region": "West", "category": "Furniture", "sales": 14154.679, "profit": 780.1552, "orders": 28, "customers": 28, "quantity": 115.0, "discount_amt": 2180.6909999999993, "sales_before": 16335.369999999999, "aov": 505.52425, "margin_rate": 0.055116417687748345, "promo_effort": 0.13349504786239916}, {"year_month": "2018-11", "year": 2018.0, "region": "West", "category": "Office Supplies", "sales": 6978.948, "profit": 1571.0737, "orders": 50, "customers": 49, "quantity": 323.0, "discount_amt": 820.5119999999998, "sales_before": 7799.46, "aov": 139.57896, "margin_rate": 0.2251161206531414, "promo_effort": 0.10520112930895213}, {"year_month": "2018-11", "year": 2018.0, "region": "West", "category": "Technology", "sales": 7808.16, "profit": 1092.0208, "orders": 24, "customers": 24, "quantity": 118.0, "discount_amt": 1690.5499999999993, "sales_before": 9498.71, "aov": 325.34, "margin_rate": 0.13985635540255323, "promo_effort": 0.1779767989548054}, {"year_month": "2018-12", "year": 2018.0, "region": "Central", "category": "Furniture", "sales": 6504.8868, "profit": 318.0389, "orders": 16, "customers": 16, "quantity": 63.0, "discount_amt": 1530.6032, "sales_before": 8035.49, "aov": 406.555425, "margin_rate": 0.04889230355246151, "promo_effort": 0.19048038140797885}, {"year_month": "2018-12", "year": 2018.0, "region": "Central", "category": "Office Supplies", "sales": 7870.802, "profit": -2821.5387, "orders": 44, "customers": 43, "quantity": 252.0, "discount_amt": 9830.388000000003, "sales_before": 17701.190000000002, "aov": 178.88186363636362, "margin_rate": -0.35848172778326787, "promo_effort": 0.5553518153299298}, {"year_month": "2018-12", "year": 2018.0, "region": "Central", "category": "Technology", "sales": 4507.382, "profit": 1265.1244000000002, "orders": 12, "customers": 11, "quantity": 54.0, "discount_amt": 164.00799999999992, "sales_before": 4671.39, "aov": 375.61516666666665, "margin_rate": 0.2806783183675136, "promo_effort": 0.03510903606849351}, {"year_month": "2018-12", "year": 2018.0, "region": "East", "category": "Furniture", "sales": 6954.866, "profit": 547.5688, "orders": 29, "customers": 28, "quantity": 99.0, "discount_amt": 1377.814, "sales_before": 8332.68, "aov": 239.82296551724139, "margin_rate": 0.07873175414163264, "promo_effort": 0.16535064349044964}, {"year_month": "2018-12", "year": 2018.0, "region": "East", "category": "Office Supplies", "sales": 8232.31, "profit": 1603.6967, "orders": 49, "customers": 49, "quantity": 310.0, "discount_amt": 1869.8499999999995, "sales_before": 10102.16, "aov": 168.00632653061223, "margin_rate": 0.1948051883371739, "promo_effort": 0.1850940788900591}, {"year_month": "2018-12", "year": 2018.0, "region": "East", "category": "Technology", "sales": 4897.24, "profit": 1073.8339, "orders": 21, "customers": 20, "quantity": 75.0, "discount_amt": 867.5900000000001, "sales_before": 5764.83, "aov": 233.20190476190476, "margin_rate": 0.21927328454394723, "promo_effort": 0.15049706582848066}, {"year_month": "2018-12", "year": 2018.0, "region": "South", "category": "Furniture", "sales": 5585.283, "profit": 279.29390000000006, "orders": 13, "customers": 13, "quantity": 61.0, "discount_amt": 1258.327, "sales_before": 6843.61, "aov": 429.63715384615386, "margin_rate": 0.05000532649822758, "promo_effort": 0.18386889375636545}, {"year_month": "2018-12", "year": 2018.0, "region": "South", "category": "Office Supplies", "sales": 5108.69, "profit": 850.5313000000001, "orders": 21, "customers": 21, "quantity": 129.0, "discount_amt": 320.7999999999999, "sales_before": 5429.49, "aov": 243.27095238095237, "margin_rate": 0.16648716207090275, "promo_effort": 0.0590847390823079}, {"year_month": "2018-12", "year": 2018.0, "region": "South", "category": "Technology", "sales": 4515.764, "profit": 1197.4727, "orders": 13, "customers": 13, "quantity": 49.0, "discount_amt": 811.106, "sales_before": 5326.87, "aov": 347.3664615384615, "margin_rate": 0.2651761030913041, "promo_effort": 0.15226690345362287}, {"year_month": "2018-12", "year": 2018.0, "region": "West", "category": "Furniture", "sales": 12362.431, "profit": 1.8532000000000366, "orders": 26, "customers": 26, "quantity": 171.0, "discount_amt": 2874.7889999999993, "sales_before": 15237.22, "aov": 475.4781153846154, "margin_rate": 0.00014990579118298307, "promo_effort": 0.1886688647929215}, {"year_month": "2018-12", "year": 2018.0, "region": "West", "category": "Office Supplies", "sales": 9225.14, "profit": 2141.6239, "orders": 57, "customers": 54, "quantity": 370.0, "discount_amt": 751.5599999999997, "sales_before": 9976.699999999999, "aov": 161.84456140350875, "margin_rate": 0.23215082914730836, "promo_effort": 0.0753315224473022}, {"year_month": "2018-12", "year": 2018.0, "region": "West", "category": "Technology", "sales": 8064.524, "profit": 2025.8478, "orders": 17, "customers": 17, "quantity": 90.0, "discount_amt": 1725.1659999999995, "sales_before": 9789.689999999999, "aov": 474.38376470588236, "margin_rate": 0.2512048820240351, "promo_effort": 0.17622274045449854}]}
